@article{Lehmann,
      author         = "Lehmann, Benjamin V. and Mao, Yao-Yuan and Becker,
                        Matthew R. and Skillman, Samuel W. and Wechsler, Risa H.",
      title          = "{The Concentration Dependence of the Galaxy-Halo
                        Connection: Modeling Assembly Bias with Abundance
                        Matching}",
      journal        = "Astrophys. J.",
      volume         = "834",
      year           = "2017",
      number         = "1",
      pages          = "37",
      doi            = "10.3847/1538-4357/834/1/37",
      eprint         = "1510.05651",
      archivePrefix  = "arXiv",
      primaryClass   = "astro-ph.CO",
      SLACcitation   = "%%CITATION = ARXIV:1510.05651;%%"
}

@ARTICLE{DarkSky,
       author = {{Skillman}, Samuel W. and {Warren}, Michael S. and {Turk}, Matthew J. and
         {Wechsler}, Risa H. and {Holz}, Daniel E. and {Sutter}, P.~M.},
        title = "{Dark Sky Simulations: Early Data Release}",
      journal = {arXiv e-prints},
     keywords = {Astrophysics - Cosmology and Nongalactic Astrophysics, Astrophysics - Instrumentation and Methods for Astrophysics},
         year = 2014,
        month = jul,
          eid = {arXiv:1407.2600},
        pages = {arXiv:1407.2600},
archivePrefix = {arXiv},
       eprint = {1407.2600},
 primaryClass = {astro-ph.CO},
       adsurl = {https://ui.adsabs.harvard.edu/abs/2014arXiv1407.2600S},
      adsnote = {Provided by the SAO/NASA Astrophysics Data System}
}


@article{NYUcatalog,
      author         = "Blanton, Michael R. and others",
      title          = "{NYU-VAGC: A Galaxy catalog based on new public surveys}",
      collaboration  = "SDSS",
      journal        = "Astron. J.",
      volume         = "129",
      year           = "2005",
      pages          = "2562-2578",
      doi            = "10.1086/429803",
      eprint         = "astro-ph/0410166",
      archivePrefix  = "arXiv",
      primaryClass   = "astro-ph",
      SLACcitation   = "%%CITATION = ASTRO-PH/0410166;%%"
}

@ARTICLE{SDSS,
       author = {{York}, Donald G. and {Adelman}, J. and {Anderson}, John E., Jr. and {Anderson}, Scott F. and {Annis}, James and {Bahcall}, Neta A. and {Bakken}, J.~A. and {Barkhouser}, Robert and {Bastian}, Steven and {Berman}, Eileen and {Boroski}, William N. and {Bracker}, Steve and {Briegel}, Charlie and {Briggs}, John W. and {Brinkmann}, J. and {Brunner}, Robert and {Burles}, Scott and {Carey}, Larry and {Carr}, Michael A. and {Castander}, Francisco J. and {Chen}, Bing and {Colestock}, Patrick L. and {Connolly}, A.~J. and {Crocker}, J.~H. and {Csabai}, Istv{\'a}n and {Czarapata}, Paul C. and {Davis}, John Eric and {Doi}, Mamoru and {Dombeck}, Tom and {Eisenstein}, Daniel and {Ellman}, Nancy and {Elms}, Brian R. and {Evans}, Michael L. and {Fan}, Xiaohui and {Federwitz}, Glenn R. and {Fiscelli}, Larry and {Friedman}, Scott and {Frieman}, Joshua A. and {Fukugita}, Masataka and {Gillespie}, Bruce and {Gunn}, James E. and {Gurbani}, Vijay K. and {de Haas}, Ernst and {Haldeman}, Merle and {Harris}, Frederick H. and {Hayes}, J. and {Heckman}, Timothy M. and {Hennessy}, G.~S. and {Hindsley}, Robert B. and {Holm}, Scott and {Holmgren}, Donald J. and {Huang}, Chi-hao and {Hull}, Charles and {Husby}, Don and {Ichikawa}, Shin-Ichi and {Ichikawa}, Takashi and {Ivezi{\'c}}, {\v{Z}}eljko and {Kent}, Stephen and {Kim}, Rita S.~J. and {Kinney}, E. and {Klaene}, Mark and {Kleinman}, A.~N. and {Kleinman}, S. and {Knapp}, G.~R. and {Korienek}, John and {Kron}, Richard G. and {Kunszt}, Peter Z. and {Lamb}, D.~Q. and {Lee}, B. and {Leger}, R. French and {Limmongkol}, Siriluk and {Lindenmeyer}, Carl and {Long}, Daniel C. and {Loomis}, Craig and {Loveday}, Jon and {Lucinio}, Rich and {Lupton}, Robert H. and {MacKinnon}, Bryan and {Mannery}, Edward J. and {Mantsch}, P.~M. and {Margon}, Bruce and {McGehee}, Peregrine and {McKay}, Timothy A. and {Meiksin}, Avery and {Merelli}, Aronne and {Monet}, David G. and {Munn}, Jeffrey A. and {Narayanan}, Vijay K. and {Nash}, Thomas and {Neilsen}, Eric and {Neswold}, Rich and {Newberg}, Heidi Jo and {Nichol}, R.~C. and {Nicinski}, Tom and {Nonino}, Mario and {Okada}, Norio and {Okamura}, Sadanori and {Ostriker}, Jeremiah P. and {Owen}, Russell and {Pauls}, A. George and {Peoples}, John and {Peterson}, R.~L. and {Petravick}, Donald and {Pier}, Jeffrey R. and {Pope}, Adrian and {Pordes}, Ruth and {Prosapio}, Angela and {Rechenmacher}, Ron and {Quinn}, Thomas R. and {Richards}, Gordon T. and {Richmond}, Michael W. and {Rivetta}, Claudio H. and {Rockosi}, Constance M. and {Ruthmansdorfer}, Kurt and {Sandford}, Dale and {Schlegel}, David J. and {Schneider}, Donald P. and {Sekiguchi}, Maki and {Sergey}, Gary and {Shimasaku}, Kazuhiro and {Siegmund}, Walter A. and {Smee}, Stephen and {Smith}, J. Allyn and {Snedden}, S. and {Stone}, R. and {Stoughton}, Chris and {Strauss}, Michael A. and {Stubbs}, Christopher and {SubbaRao}, Mark and {Szalay}, Alexander S. and {Szapudi}, Istvan and {Szokoly}, Gyula P. and {Thakar}, Anirudda R. and {Tremonti}, Christy and {Tucker}, Douglas L. and {Uomoto}, Alan and {Vanden Berk}, Dan and {Vogeley}, Michael S. and {Waddell}, Patrick and {Wang}, Shu-i. and {Watanabe}, Masaru and {Weinberg}, David H. and {Yanny}, Brian and {Yasuda}, Naoki and {SDSS Collaboration}},
        title = "{The Sloan Digital Sky Survey: Technical Summary}",
      journal = {\aj},
     keywords = {Cosmology: Observations, Instrumentation: Miscellaneous, Astrophysics},
         year = 2000,
        month = sep,
       volume = {120},
       number = {3},
        pages = {1579-1587},
          doi = {10.1086/301513},
archivePrefix = {arXiv},
       eprint = {astro-ph/0006396},
 primaryClass = {astro-ph},
       adsurl = {https://ui.adsabs.harvard.edu/abs/2000AJ....120.1579Y},
      adsnote = {Provided by the SAO/NASA Astrophysics Data System}
}


@article{SDSS_DR7,
      author         = "Abazajian, Kevork N. and others",
      title          = "{The Seventh Data Release of the Sloan Digital Sky
                        Survey}",
      collaboration  = "SDSS",
      journal        = "Astrophys. J. Suppl.",
      volume         = "182",
      year           = "2009",
      pages          = "543-558",
      doi            = "10.1088/0067-0049/182/2/543",
      eprint         = "0812.0649",
      archivePrefix  = "arXiv",
      primaryClass   = "astro-ph",
      reportNumber   = "FERMILAB-PUB-08-547-A",
      SLACcitation   = "%%CITATION = ARXIV:0812.0649;%%"
}

@ARTICLE{SDSStargeting,
       author = {{Eisenstein}, Daniel J. and {Annis}, James and {Gunn}, James E. and {Szalay}, Alexander S. and {Connolly}, Andrew J. and {Nichol}, R.~C. and {Bahcall}, Neta A. and {Bernardi}, Mariangela and {Burles}, Scott and {Castander}, Francisco J. and {Fukugita}, Masataka and {Hogg}, David W. and {Ivezi{\'c}}, {\v{Z}}eljko and {Knapp}, G.~R. and {Lupton}, Robert H. and {Narayanan}, Vijay and {Postman}, Marc and {Reichart}, Daniel E. and {Richmond}, Michael and {Schneider}, Donald P. and {Schlegel}, David J. and {Strauss}, Michael A. and {SubbaRao}, Mark and {Tucker}, Douglas L. and {Vanden Berk}, Daniel and {Vogeley}, Michael S. and {Weinberg}, David H. and {Yanny}, Brian},
        title = "{Spectroscopic Target Selection for the Sloan Digital Sky Survey: The Luminous Red Galaxy Sample}",
      journal = {\aj},
     keywords = {Cosmology: Observations, Galaxies: Clusters: General, Galaxies: Distances and Redshifts, Galaxies: Elliptical and Lenticular, cD, Cosmology: Large-Scale Structure of Universe, Surveys, Astrophysics},
         year = 2001,
        month = nov,
       volume = {122},
       number = {5},
        pages = {2267-2280},
          doi = {10.1086/323717},
archivePrefix = {arXiv},
       eprint = {astro-ph/0108153},
 primaryClass = {astro-ph},
       adsurl = {https://ui.adsabs.harvard.edu/abs/2001AJ....122.2267E},
      adsnote = {Provided by the SAO/NASA Astrophysics Data System}
}


@article{Kcorrect,
      author         = "Blanton, Michael R. and Roweis, Sam",
      title          = "{K-corrections and filter transformations in the
                        ultraviolet, optical, and near infrared}",
      journal        = "Astron. J.",
      volume         = "133",
      year           = "2007",
      pages          = "734-754",
      doi            = "10.1086/510127",
      eprint         = "astro-ph/0606170",
      archivePrefix  = "arXiv",
      primaryClass   = "astro-ph",
      SLACcitation   = "%%CITATION = ASTRO-PH/0606170;%%"
}

@article{NSA,
   title={IMPROVED BACKGROUND SUBTRACTION FOR THE SLOAN DIGITAL SKY SURVEY IMAGES},
   volume={142},
   ISSN={1538-3881},
   url={http://dx.doi.org/10.1088/0004-6256/142/1/31},
   DOI={10.1088/0004-6256/142/1/31},
   number={1},
   journal={The Astronomical Journal},
   publisher={IOP Publishing},
   author={Blanton, Michael R. and Kazin, Eyal and Muna, Demitri and Weaver, Benjamin A. and Price-Whelan, Adrian},
   year={2011},
   month={Jun},
   pages={31}
}

@article{SDSS_DR13,
      author         = "Albareti, Franco D. and others",
      title          = "{The 13th Data Release of the Sloan Digital Sky Survey:
                        First Spectroscopic Data from the SDSS-IV Survey Mapping
                        Nearby Galaxies at Apache Point Observatory}",
      collaboration  = "SDSS",
      journal        = "Astrophys. J. Suppl.",
      volume         = "233",
      year           = "2017",
      number         = "2",
      pages          = "25",
      doi            = "10.3847/1538-4365/aa8992",
      eprint         = "1608.02013",
      archivePrefix  = "arXiv",
      primaryClass   = "astro-ph.GA",
      SLACcitation   = "%%CITATION = ARXIV:1608.02013;%%"
}

@article{GALEX,
	doi = {10.1086/426387},
	url = {https://doi.org/10.1086%2F426387},
	year = 2005,
	month = {jan},
	publisher = {{IOP} Publishing},
	volume = {619},
	number = {1},
	pages = {L1--L6},
	author = {D. Christopher Martin and James Fanson and David Schiminovich and Patrick Morrissey and Peter G. Friedman and Tom A. Barlow and Tim Conrow and Robert Grange and Patrick N. Jelinsky and Bruno Milliard and Oswald H. W. Siegmund and Luciana Bianchi and Yong-Ik Byun and Jose Donas and Karl Forster and Timothy M. Heckman and Young-Wook Lee and Barry F. Madore and Roger F. Malina and Susan G. Neff and R. Michael Rich and Todd Small and Frank Surber and Alex S. Szalay and Barry Welsh and Ted K. Wyder},
	title = {{TheGalaxy} Evolution Explorer: A Space Ultraviolet Survey Mission},
	journal = {The Astrophysical Journal},
	abstract = {We give an overview of the Galaxy Evolution Explorer (GALEX), a NASA Explorer Mission launched on 2003 April 28. GALEX is performing the first space UV sky survey, including imaging and grism surveys in two bands (1350-1750 and 1750-2750 Å). The surveys include an all-sky imaging survey (mAB ≃ 20.5), a medium imaging survey of 1000 deg2 (mAB ≃ 23), a deep imaging survey of 100 deg2 (mAB ≃ 25), and a nearby galaxy survey. Spectroscopic (slitless) grism surveys (R = 100-200) are underway with various depths and sky coverage. Many targets overlap existing or planned surveys in other bands. We will use the measured UV properties of local galaxies, along with corollary observations, to calibrate the relationship of the UV and global star formation rate in local galaxies. We will apply this calibration to distant galaxies discovered in the deep imaging and spectroscopic surveys to map the history of star formation in the universe over the redshift range 0 < z < 2 and probe the physical drivers of star formation in galaxies. The GALEX mission includes a guest investigator program, supporting the wide variety of programs made possible by the first UV sky survey.}
}

@article{SDSS_early,
      author         = "Stoughton, Chris and others",
      title          = "{The Sloan Digital Sky Survey: Early Data Release}",
      collaboration  = "SDSS",
      journal        = "Astron. J.",
      volume         = "123",
      year           = "2002",
      pages          = "485-548",
      doi            = "10.1086/324741",
      reportNumber   = "FERMILAB-PUB-02-423",
      SLACcitation   = "%%CITATION = ANJOA,123,485;%%"
}

@article{Zehavi_Fiber,
      author         = "Zehavi, Idit and others",
      title          = "{The Luminosity and color dependence of the galaxy
                        correlation function}",
      collaboration  = "SDSS",
      journal        = "Astrophys. J.",
      volume         = "630",
      year           = "2005",
      pages          = "1-27",
      doi            = "10.1086/431891",
      eprint         = "astro-ph/0408569",
      archivePrefix  = "arXiv",
      primaryClass   = "astro-ph",
      reportNumber   = "FERMILAB-PUB-04-415-A",
      SLACcitation   = "%%CITATION = ASTRO-PH/0408569;%%"
}

@ARTICLE{2HOT,
       author = {{Warren}, Michael S.},
        title = "{2HOT: An Improved Parallel Hashed Oct-Tree N-Body Algorithm for Cosmological Simulation}",
      journal = {arXiv e-prints},
     keywords = {Astrophysics - Instrumentation and Methods for Astrophysics, Astrophysics - Cosmology and Extragalactic Astrophysics, Computer Science - Distributed, Parallel, and Cluster Computing},
         year = 2013,
        month = oct,
          eid = {arXiv:1310.4502},
        pages = {arXiv:1310.4502},
archivePrefix = {arXiv},
       eprint = {1310.4502},
 primaryClass = {astro-ph.IM},
       adsurl = {https://ui.adsabs.harvard.edu/abs/2013arXiv1310.4502W},
      adsnote = {Provided by the SAO/NASA Astrophysics Data System}
}


@ARTICLE{Vale2004,
       author = {{Vale}, A. and {Ostriker}, J.~P.},
        title = "{Linking halo mass to galaxy luminosity}",
      journal = {\mnras},
     keywords = {galaxies: haloes, cosmology: theory, dark matter, large-scale structure of Universe, Astrophysics},
         year = 2004,
        month = sep,
       volume = {353},
       number = {1},
        pages = {189-200},
          doi = {10.1111/j.1365-2966.2004.08059.x},
archivePrefix = {arXiv},
       eprint = {astro-ph/0402500},
 primaryClass = {astro-ph},
       adsurl = {https://ui.adsabs.harvard.edu/abs/2004MNRAS.353..189V},
      adsnote = {Provided by the SAO/NASA Astrophysics Data System}
}

@ARTICLE{Conroy2006,
       author = {{Conroy}, Charlie and {Wechsler}, Risa H. and {Kravtsov}, Andrey V.},
        title = "{Modeling Luminosity-dependent Galaxy Clustering through Cosmic Time}",
      journal = {\apj},
     keywords = {Cosmology: Theory, Cosmology: Dark Matter, Galaxies: Clusters: General, Galaxies: Evolution, Galaxies: Halos, Cosmology: Large-Scale Structure of Universe, Astrophysics},
         year = 2006,
        month = aug,
       volume = {647},
       number = {1},
        pages = {201-214},
          doi = {10.1086/503602},
archivePrefix = {arXiv},
       eprint = {astro-ph/0512234},
 primaryClass = {astro-ph},
       adsurl = {https://ui.adsabs.harvard.edu/abs/2006ApJ...647..201C},
      adsnote = {Provided by the SAO/NASA Astrophysics Data System}
}

@ARTICLE{Behroozi2010,
       author = {{Behroozi}, Peter S. and {Conroy}, Charlie and {Wechsler}, Risa H.},
        title = "{A Comprehensive Analysis of Uncertainties Affecting the Stellar Mass-Halo Mass Relation for 0 \&lt; z \&lt; 4}",
      journal = {\apj},
     keywords = {dark matter, galaxies: abundances, galaxies: evolution, galaxies: stellar content, Astrophysics - Cosmology and Extragalactic Astrophysics},
         year = 2010,
        month = jul,
       volume = {717},
       number = {1},
        pages = {379-403},
          doi = {10.1088/0004-637X/717/1/379},
archivePrefix = {arXiv},
       eprint = {1001.0015},
 primaryClass = {astro-ph.CO},
       adsurl = {https://ui.adsabs.harvard.edu/abs/2010ApJ...717..379B},
      adsnote = {Provided by the SAO/NASA Astrophysics Data System}
}

@ARTICLE{Moster2010,
       author = {{Moster}, Benjamin P. and {Somerville}, Rachel S. and
         {Maulbetsch}, Christian and {van den Bosch}, Frank C. and
         {Macci{\`o}}, Andrea V. and {Naab}, Thorsten and {Oser}, Ludwig},
        title = "{Constraints on the Relationship between Stellar Mass and Halo Mass at Low and High Redshift}",
      journal = {\apj},
     keywords = {cosmology: theory, dark matter, galaxies: clusters: general, galaxies: evolution, galaxies: halos, galaxies: high-redshift, galaxies: statistics, galaxies: stellar content, large-scale structure of universe, Astrophysics - Cosmology and Extragalactic Astrophysics},
         year = 2010,
        month = feb,
       volume = {710},
       number = {2},
        pages = {903-923},
          doi = {10.1088/0004-637X/710/2/903},
archivePrefix = {arXiv},
       eprint = {0903.4682},
 primaryClass = {astro-ph.CO},
       adsurl = {https://ui.adsabs.harvard.edu/abs/2010ApJ...710..903M},
      adsnote = {Provided by the SAO/NASA Astrophysics Data System}
}

@ARTICLE{Reddick2013,
       author = {{Reddick}, Rachel M. and {Wechsler}, Risa H. and {Tinker}, Jeremy L. and
         {Behroozi}, Peter S.},
        title = "{The Connection between Galaxies and Dark Matter Structures in the Local Universe}",
      journal = {\apj},
     keywords = {dark matter, galaxies: formation, galaxies: groups: general, galaxies: halos, large-scale structure of universe, methods: statistical, Astrophysics - Cosmology and Extragalactic Astrophysics},
         year = 2013,
        month = jul,
       volume = {771},
       number = {1},
          eid = {30},
        pages = {30},
          doi = {10.1088/0004-637X/771/1/30},
archivePrefix = {arXiv},
       eprint = {1207.2160},
 primaryClass = {astro-ph.CO},
       adsurl = {https://ui.adsabs.harvard.edu/abs/2013ApJ...771...30R},
      adsnote = {Provided by the SAO/NASA Astrophysics Data System}
}

@ARTICLE{Behroozi_Rockstar,
       author = {{Behroozi}, Peter S. and {Wechsler}, Risa H. and {Wu}, Hao-Yi},
        title = "{The ROCKSTAR Phase-space Temporal Halo Finder and the Velocity Offsets of Cluster Cores}",
      journal = {\apj},
     keywords = {dark matter, methods: numerical, Astrophysics - Cosmology and Extragalactic Astrophysics, Astrophysics - Instrumentation and Methods for Astrophysics},
         year = 2013,
        month = jan,
       volume = {762},
       number = {2},
          eid = {109},
        pages = {109},
          doi = {10.1088/0004-637X/762/2/109},
archivePrefix = {arXiv},
       eprint = {1110.4372},
 primaryClass = {astro-ph.CO},
       adsurl = {https://ui.adsabs.harvard.edu/abs/2013ApJ...762..109B},
      adsnote = {Provided by the SAO/NASA Astrophysics Data System}
}

@ARTICLE{Behroozi_Consistent,
       author = {{Behroozi}, Peter S. and {Wechsler}, Risa H. and {Wu}, Hao-Yi and
         {Busha}, Michael T. and {Klypin}, Anatoly A. and {Primack}, Joel R.},
        title = "{Gravitationally Consistent Halo Catalogs and Merger Trees for Precision Cosmology}",
      journal = {\apj},
     keywords = {dark matter, galaxies: abundances, galaxies: evolution, methods: numerical, Astrophysics - Cosmology and Extragalactic Astrophysics, Astrophysics - Instrumentation and Methods for Astrophysics},
         year = 2013,
        month = jan,
       volume = {763},
       number = {1},
          eid = {18},
        pages = {18},
          doi = {10.1088/0004-637X/763/1/18},
archivePrefix = {arXiv},
       eprint = {1110.4370},
 primaryClass = {astro-ph.CO},
       adsurl = {https://ui.adsabs.harvard.edu/abs/2013ApJ...763...18B},
      adsnote = {Provided by the SAO/NASA Astrophysics Data System}
}

@ARTICLE{Trujillo-Gomez2011,
       author = {{Trujillo-Gomez}, Sebastian and {Klypin}, Anatoly and {Primack}, Joel and
         {Romanowsky}, Aaron J.},
        title = "{Galaxies in {\ensuremath{\Lambda}}CDM with Halo Abundance Matching: Luminosity-Velocity Relation, Baryonic Mass-Velocity Relation, Velocity Function, and Clustering}",
      journal = {\apj},
     keywords = {cosmology: theory, dark matter, galaxies: halos, galaxies: structure, Astrophysics - Cosmology and Nongalactic Astrophysics},
         year = 2011,
        month = nov,
       volume = {742},
       number = {1},
          eid = {16},
        pages = {16},
          doi = {10.1088/0004-637X/742/1/16},
archivePrefix = {arXiv},
       eprint = {1005.1289},
 primaryClass = {astro-ph.CO},
       adsurl = {https://ui.adsabs.harvard.edu/abs/2011ApJ...742...16T},
      adsnote = {Provided by the SAO/NASA Astrophysics Data System}
}

@article{Wechsler_2018,
   title={The Connection Between Galaxies and Their Dark Matter Halos},
   volume={56},
   ISSN={1545-4282},
   url={http://dx.doi.org/10.1146/annurev-astro-081817-051756},
   DOI={10.1146/annurev-astro-081817-051756},
   number={1},
   journal={Annual Review of Astronomy and Astrophysics},
   publisher={Annual Reviews},
   author={Wechsler, Risa H. and Tinker, Jeremy L.},
   year={2018},
   month={Sep},
   pages={435–487}
}

@ARTICLE{Bryan_Norman,
       author = {{Bryan}, Greg L. and {Norman}, Michael L.},
        title = "{Statistical Properties of X-Ray Clusters: Analytic and Numerical Comparisons}",
      journal = {\apj},
     keywords = {GALAXIES: CLUSTERS: GENERAL, METHODS: NUMERICAL, X-RAYS: GALAXIES, Galaxies: Clusters: General, Methods: Numerical, X-Rays: Galaxies, Astrophysics},
         year = 1998,
        month = mar,
       volume = {495},
       number = {1},
        pages = {80-99},
          doi = {10.1086/305262},
archivePrefix = {arXiv},
       eprint = {astro-ph/9710107},
 primaryClass = {astro-ph},
       adsurl = {https://ui.adsabs.harvard.edu/abs/1998ApJ...495...80B},
      adsnote = {Provided by the SAO/NASA Astrophysics Data System}
}

@article{Desmond_TFR,
      author         = "Desmond, Harry and Wechsler, Risa H.",
      title          = "{The Tully–Fisher and mass–size relations from halo
                        abundance matching}",
      journal        = "Mon. Not. Roy. Astron. Soc.",
      volume         = "454",
      year           = "2015",
      number         = "1",
      pages          = "322-343",
      doi            = "10.1093/mnras/stv1978",
      eprint         = "1506.00169",
      archivePrefix  = "arXiv",
      primaryClass   = "astro-ph.GA",
      SLACcitation   = "%%CITATION = ARXIV:1506.00169;%%"
}

@article{Desmond_FJR,
      author         = "Desmond, Harry and Wechsler, Risa H.",
      title          = "{The Faber–Jackson relation and Fundamental Plane from
                        halo abundance matching}",
      journal        = "Mon. Not. Roy. Astron. Soc.",
      volume         = "465",
      year           = "2017",
      number         = "1",
      pages          = "820-833",
      doi            = "10.1093/mnras/stw2804",
      eprint         = "1604.04670",
      archivePrefix  = "arXiv",
      primaryClass   = "astro-ph.GA",
      SLACcitation   = "%%CITATION = ARXIV:1604.04670;%%"
}

@article{Reddick_cosmo,
      author         = "Reddick, Rachel and Tinker, Jeremy and Wechsler, Risa and
                        Lu, Yu",
      title          = "{Cosmological Constraints from Galaxy Clustering and the
                        Mass-to-Number Ratio of Galaxy Clusters: Marginalizing
                        over the Physics of Galaxy Formation}",
      journal        = "Astrophys. J.",
      volume         = "783",
      year           = "2014",
      pages          = "118",
      doi            = "10.1088/0004-637X/783/2/118",
      eprint         = "1306.4686",
      archivePrefix  = "arXiv",
      primaryClass   = "astro-ph.CO",
      SLACcitation   = "%%CITATION = ARXIV:1306.4686;%%"
}

@ARTICLE{Universe_machine,
       author = {{Behroozi}, Peter and {Wechsler}, Risa H. and {Hearin}, Andrew P. and
         {Conroy}, Charlie},
        title = "{UNIVERSEMACHINE: The correlation between galaxy growth and dark matter halo assembly from z = 0-10}",
      journal = {\mnras},
     keywords = {galaxies: formation, galaxies: haloes, Astrophysics - Astrophysics of Galaxies},
         year = 2019,
        month = sep,
       volume = {488},
       number = {3},
        pages = {3143-3194},
          doi = {10.1093/mnras/stz1182},
archivePrefix = {arXiv},
       eprint = {1806.07893},
 primaryClass = {astro-ph.GA},
       adsurl = {https://ui.adsabs.harvard.edu/abs/2019MNRAS.488.3143B},
      adsnote = {Provided by the SAO/NASA Astrophysics Data System}
}

@ARTICLE{Skibba,
       author = {{Skibba}, Ramin A. and {Sheth}, Ravi K.},
        title = "{A halo model of galaxy colours and clustering in the Sloan Digital Sky Survey}",
      journal = {\mnras},
     keywords = {methods: analytical, methods: statistical, galaxies: clusters: general, galaxies: formation, galaxies: haloes, large-scale structure of the universe, Astrophysics},
         year = 2009,
        month = jan,
       volume = {392},
       number = {3},
        pages = {1080-1091},
          doi = {10.1111/j.1365-2966.2008.14007.x},
archivePrefix = {arXiv},
       eprint = {0805.0310},
 primaryClass = {astro-ph},
       adsurl = {https://ui.adsabs.harvard.edu/abs/2009MNRAS.392.1080S},
      adsnote = {Provided by the SAO/NASA Astrophysics Data System}
}

@ARTICLE{Kravtsov_HOD,
       author = {{Kravtsov}, Andrey V. and {Berlind}, Andreas A. and {Wechsler}, Risa H. and
         {Klypin}, Anatoly A. and {Gottl{\"o}ber}, Stefan and {Allgood}, Brand
        on and {Primack}, Joel R.},
        title = "{The Dark Side of the Halo Occupation Distribution}",
      journal = {\apj},
     keywords = {Cosmology: Theory, Galaxies: Formation, Galaxies: Halos, Cosmology: Large-Scale Structure of Universe, Methods: Numerical, Astrophysics},
         year = 2004,
        month = jul,
       volume = {609},
       number = {1},
        pages = {35-49},
          doi = {10.1086/420959},
archivePrefix = {arXiv},
       eprint = {astro-ph/0308519},
 primaryClass = {astro-ph},
       adsurl = {https://ui.adsabs.harvard.edu/abs/2004ApJ...609...35K},
      adsnote = {Provided by the SAO/NASA Astrophysics Data System}
}

@ARTICLE{Zheng_HOD,
       author = {{Zheng}, Zheng and {Berlind}, Andreas A. and {Weinberg}, David H. and
         {Benson}, Andrew J. and {Baugh}, Carlton M. and {Cole}, Shaun and
         {Dav{\'e}}, Romeel and {Frenk}, Carlos S. and {Katz}, Neal and
         {Lacey}, Cedric G.},
        title = "{Theoretical Models of the Halo Occupation Distribution: Separating Central and Satellite Galaxies}",
      journal = {\apj},
     keywords = {Cosmology: Theory, Galaxies: Formation, Galaxies: Halos, Cosmology: Large-Scale Structure of Universe, Astrophysics},
         year = 2005,
        month = nov,
       volume = {633},
       number = {2},
        pages = {791-809},
          doi = {10.1086/466510},
archivePrefix = {arXiv},
       eprint = {astro-ph/0408564},
 primaryClass = {astro-ph},
       adsurl = {https://ui.adsabs.harvard.edu/abs/2005ApJ...633..791Z},
      adsnote = {Provided by the SAO/NASA Astrophysics Data System}
}

@ARTICLE{EMERGE,
       author = {{O'Leary}, Joseph A. and {Moster}, Benjamin P. and {Naab}, Thorsten and
         {Somerville}, Rachel S.},
        title = "{EMERGE: Empirical predictions of galaxy merger rates since $z\sim6$}",
      journal = {arXiv e-prints},
     keywords = {Astrophysics - Astrophysics of Galaxies},
         year = 2020,
        month = jan,
          eid = {arXiv:2001.02687},
        pages = {arXiv:2001.02687},
archivePrefix = {arXiv},
       eprint = {2001.02687},
 primaryClass = {astro-ph.GA},
       adsurl = {https://ui.adsabs.harvard.edu/abs/2020arXiv200102687O},
      adsnote = {Provided by the SAO/NASA Astrophysics Data System}
}

@article{Papastergis_HIclust,
      author         = "Papastergis, Emmanouil and Giovanelli, Riccardo and
                        Haynes, Martha P. and Rodríguez-Puebla, Aldo and Jones,
                        Michael G.",
      title          = "{The Clustering of ALFALFA Galaxies: Dependence on
                        H$\scriptsize{I}$ Mass, Relationship with Optical Samples,
                        and Clues of Host Halo Properties}",
      journal        = "Astrophys. J.",
      volume         = "776",
      year           = "2013",
      pages          = "43",
      doi            = "10.1088/0004-637X/776/1/43",
      eprint         = "1308.2661",
      archivePrefix  = "arXiv",
      primaryClass   = "astro-ph.CO",
      SLACcitation   = "%%CITATION = ARXIV:1308.2661;%%"
}

@article{Guo,
      author         = "Guo, Hong and Li, Cheng and Zheng, Zheng and Mo, H. J.
                        and Jing, Y. P. and Zu, Ying and Lim, S. H. and Xu,
                        Haojie",
      title          = "{Constraining the H i–Halo Mass Relation from Galaxy
                        Clustering}",
      journal        = "Astrophys. J.",
      volume         = "846",
      year           = "2017",
      number         = "1",
      pages          = "61",
      doi            = "10.3847/1538-4357/aa85e7",
      eprint         = "1707.01999",
      archivePrefix  = "arXiv",
      primaryClass   = "astro-ph.GA",
      SLACcitation   = "%%CITATION = ARXIV:1707.01999;%%"
}

@article{Bernardi,
      author         = "Bernardi, M. and Meert, A. and Sheth, R. K. and Vikram,
                        V. and Huertas-Company, M. and Mei, S. and Shankar, F.",
      title          = "{The massive end of the luminosity and stellar mass
                        functions: Dependence on the fit to the light profile}",
      journal        = "Mon. Not. Roy. Astron. Soc.",
      volume         = "436",
      year           = "2013",
      pages          = "697",
      doi            = "10.1093/mnras/stt1607",
      eprint         = "1304.7778",
      archivePrefix  = "arXiv",
      primaryClass   = "astro-ph.CO",
      SLACcitation   = "%%CITATION = ARXIV:1304.7778;%%"
}
@ARTICLE{Kravtsov_SMF,
       author = {{Kravtsov}, A.~V. and {Vikhlinin}, A.~A. and {Meshcheryakov}, A.~V.},
        title = "{Stellar Mass{\textemdash}Halo Mass Relation and Star Formation Efficiency in High-Mass Halos}",
      journal = {Astronomy Letters},
     keywords = {galaxy clusters, dark matter, stellar mass, star formation, Astrophysics - Cosmology and Nongalactic Astrophysics},
         year = 2018,
        month = jan,
       volume = {44},
       number = {1},
        pages = {8-34},
          doi = {10.1134/S1063773717120015},
archivePrefix = {arXiv},
       eprint = {1401.7329},
 primaryClass = {astro-ph.CO},
       adsurl = {https://ui.adsabs.harvard.edu/abs/2018AstL...44....8K},
      adsnote = {Provided by the SAO/NASA Astrophysics Data System}
}

@article{Giovanelli_1,
      author         = "Giovanelli, Riccardo and others",
      title          = "{The Arecibo Legacy Fast ALFA Survey. 1. Science goals,
                        survey design and strategy}",
      journal        = "Astron. J.",
      volume         = "130",
      year           = "2005",
      pages          = "2598-2612",
      doi            = "10.1086/497431",
      eprint         = "astro-ph/0508301",
      archivePrefix  = "arXiv",
      primaryClass   = "astro-ph",
      SLACcitation   = "%%CITATION = ASTRO-PH/0508301;%%"
}

@article{Giovanelli_2,
      author         = "Giovanelli, Riccardo and others",
      title          = "{The Arecibo Legacy Fast ALFA Survey. 3. HI Source
                        Catalog of the Northern Virgo Cluster Region}",
      journal        = "Astron. J.",
      volume         = "133",
      year           = "2007",
      pages          = "2569-2583",
      doi            = "10.1086/516635",
      eprint         = "astro-ph/0702316",
      archivePrefix  = "arXiv",
      primaryClass   = "ASTRO-PH",
      SLACcitation   = "%%CITATION = ASTRO-PH/0702316;%%"
}

@article{Saintonge,
      author         = "Saintonge, Amelie and Giovanelli, Riccardo and Haynes,
                        Martha P. and Hoffman, G. Lyle and Kent, Brian R. and
                        Martin, Ann M. and Stierwalt, Sabrina and Brosch, Noah",
      title          = "{The Arecibo Legacy Fast ALFA Survey: V. HI Source
                        Catalog of the Anti-Virgo Region at dec=27 degrees}",
      journal        = "Astron. J.",
      volume         = "135",
      year           = "2008",
      pages          = "588",
      doi            = "10.1088/0004-6256/135/2/588",
      eprint         = "0711.0545",
      archivePrefix  = "arXiv",
      primaryClass   = "astro-ph",
      SLACcitation   = "%%CITATION = ARXIV:0711.0545;%%"
}

@ARTICLE{Li,
       author = {{Li}, Cheng and {Kauffmann}, Guinevere and {Fu}, Jian and {Wang}, Jing and
         {Catinella}, Barbara and {Fabello}, Silvia and {Schiminovich}, David and
         {Zhang}, Wei},
        title = "{The clustering of galaxies as a function of their photometrically estimated atomic gas content}",
      journal = {\mnras},
     keywords = {galaxies: clusters: general, galaxies: distances and redshifts, cosmology: theory, dark matter, large-scale structure of Universe, Astrophysics - Cosmology and Nongalactic Astrophysics},
         year = 2012,
        month = aug,
       volume = {424},
       number = {2},
        pages = {1471-1482},
          doi = {10.1111/j.1365-2966.2012.21337.x},
archivePrefix = {arXiv},
       eprint = {1202.2857},
 primaryClass = {astro-ph.CO},
       adsurl = {https://ui.adsabs.harvard.edu/abs/2012MNRAS.424.1471L},
      adsnote = {Provided by the SAO/NASA Astrophysics Data System}
}

@ARTICLE{Martin,
       author = {{Martin}, Ann M. and {Giovanelli}, Riccardo and {Haynes}, Martha P. and
         {Guzzo}, Luigi},
        title = "{The Clustering Characteristics of H I-selected Galaxies from the 40\% ALFALFA Survey}",
      journal = {\apj},
     keywords = {galaxies: clusters: general, galaxies: distances and redshifts, large-scale structure of universe, radio lines: galaxies, surveys, Astrophysics - Cosmology and Extragalactic Astrophysics},
         year = 2012,
        month = may,
       volume = {750},
       number = {1},
          eid = {38},
        pages = {38},
          doi = {10.1088/0004-637X/750/1/38},
archivePrefix = {arXiv},
       eprint = {1202.6005},
 primaryClass = {astro-ph.CO},
       adsurl = {https://ui.adsabs.harvard.edu/abs/2012ApJ...750...38M},
      adsnote = {Provided by the SAO/NASA Astrophysics Data System}
}

@article{Haynes_2018,
   title={The Arecibo Legacy Fast ALFA Survey: The ALFALFA Extragalactic H i Source Catalog},
   volume={861},
   ISSN={1538-4357},
   url={http://dx.doi.org/10.3847/1538-4357/aac956},
   DOI={10.3847/1538-4357/aac956},
   number={1},
   journal={The Astrophysical Journal},
   publisher={American Astronomical Society},
   author={Haynes, Martha P. and Giovanelli, Riccardo and Kent, Brian R. and Adams, Elizabeth A. K. and Balonek, Thomas J. and Craig, David W. and Fertig, Derek and Finn, Rose and Giovanardi, Carlo and Hallenbeck, Gregory and et al.},
   year={2018},
   month={Jul},
   pages={49}
}
@article{Tinker:2016zpi,
      author         = "Tinker, Jeremy L. and others",
      title          = "{The Correlation Between Halo Mass and Stellar Mass for
                        the Most Massive Galaxies in the Universe}",
      journal        = "Astrophys. J.",
      volume         = "839",
      year           = "2017",
      number         = "2",
      pages          = "121",
      doi            = "10.3847/1538-4357/aa6845",
      eprint         = "1607.04678",
      archivePrefix  = "arXiv",
      primaryClass   = "astro-ph.GA",
      SLACcitation   = "%%CITATION = ARXIV:1607.04678;%%"
}

@ARTICLE{Schidt:1968,
       author = {{Schmidt}, Maarten},
        title = "{Space Distribution and Luminosity Functions of Quasi-Stellar Radio Sources}",
      journal = {\apj},
         year = 1968,
        month = feb,
       volume = {151},
        pages = {393},
          doi = {10.1086/149446},
       adsurl = {https://ui.adsabs.harvard.edu/abs/1968ApJ...151..393S},
      adsnote = {Provided by the SAO/NASA Astrophysics Data System}
}

@ARTICLE{Malmquist1920,
       author = {{Malmquist}, Gunnar K.},
        title = "{A study of the stars of spectral type A}",
      journal = {Meddelanden fran Lunds Astronomiska Observatorium Serie II},
         year = 1920,
        month = mar,
       volume = {22},
        pages = {3-69},
       adsurl = {https://ui.adsabs.harvard.edu/abs/1920MeLuS..22....3M},
      adsnote = {Provided by the SAO/NASA Astrophysics Data System}
}

@ARTICLE{Malmquist1922,
       author = {{Malmquist}, K.~G.},
        title = "{On some relations in stellar statistics}",
      journal = {Meddelanden fran Lunds Astronomiska Observatorium Serie I},
         year = 1922,
        month = mar,
       volume = {100},
        pages = {1-52},
       adsurl = {https://ui.adsabs.harvard.edu/abs/1922MeLuF.100....1M},
      adsnote = {Provided by the SAO/NASA Astrophysics Data System}
}

@ARTICLE{Efstathiou:1988,
       author = {{Efstathiou}, G. and {Ellis}, Richard S. and {Peterson}, Bruce A.},
        title = "{Analysis of a complete galaxy redshift survey. II. The field-galaxy luminosity function.}",
      journal = {\mnras},
     keywords = {Galactic Radiation, Luminous Intensity, Red Shift, Radiant Flux Density, Spatial Distribution, Astrophysics},
         year = 1988,
        month = may,
       volume = {232},
        pages = {431-461},
          doi = {10.1093/mnras/232.2.431},
       adsurl = {https://ui.adsabs.harvard.edu/abs/1988MNRAS.232..431E},
      adsnote = {Provided by the SAO/NASA Astrophysics Data System}
}

@ARTICLE{Weigel:2016,
       author = {{Weigel}, Anna K. and {Schawinski}, Kevin and {Bruderer}, Claudio},
        title = "{Stellar mass functions: methods, systematics and results for the local Universe}",
      journal = {\mnras},
     keywords = {methods: data analysis, galaxies: general, galaxies: luminosity function, mass function, galaxies: statistics, Astrophysics - Astrophysics of Galaxies},
         year = 2016,
        month = jun,
       volume = {459},
       number = {2},
        pages = {2150-2187},
          doi = {10.1093/mnras/stw756},
archivePrefix = {arXiv},
       eprint = {1604.00008},
 primaryClass = {astro-ph.GA},
       adsurl = {https://ui.adsabs.harvard.edu/abs/2016MNRAS.459.2150W},
      adsnote = {Provided by the SAO/NASA Astrophysics Data System}
}

@ARTICLE{Hogg1999,
       author = {{Hogg}, David W.},
        title = "{Distance measures in cosmology}",
      journal = {arXiv e-prints},
     keywords = {Astrophysics},
         year = 1999,
        month = may,
          eid = {astro-ph/9905116},
        pages = {astro-ph/9905116},
archivePrefix = {arXiv},
       eprint = {astro-ph/9905116},
 primaryClass = {astro-ph},
       adsurl = {https://ui.adsabs.harvard.edu/abs/1999astro.ph..5116H},
      adsnote = {Provided by the SAO/NASA Astrophysics Data System}
}

@ARTICLE{Dickinson_2003,
       author = {{Dickinson}, Mark and {Papovich}, Casey and {Ferguson}, Henry C. and
         {Budav{\'a}ri}, Tam{\'a}s},
        title = "{The Evolution of the Global Stellar Mass Density at 0\&lt;z\&lt;3}",
      journal = {\apj},
     keywords = {Cosmology: Early Universe, Galaxies: Evolution, Galaxies: High-Redshift, Galaxies: Stellar Content, Infrared: Galaxies, Astrophysics},
         year = 2003,
        month = apr,
       volume = {587},
       number = {1},
        pages = {25-40},
          doi = {10.1086/368111},
archivePrefix = {arXiv},
       eprint = {astro-ph/0212242},
 primaryClass = {astro-ph},
       adsurl = {https://ui.adsabs.harvard.edu/abs/2003ApJ...587...25D},
      adsnote = {Provided by the SAO/NASA Astrophysics Data System}
}

@ARTICLE{Fontana2006,
       author = {{Fontana}, A. and {Salimbeni}, S. and {Grazian}, A. and {Giallongo}, E. and
         {Pentericci}, L. and {Nonino}, M. and {Fontanot}, F. and {Menci}, N. and
         {Monaco}, P. and {Cristiani}, S. and {Vanzella}, E. and
         {de Santis}, C. and {Gallozzi}, S.},
        title = "{The Galaxy mass function up to z =4 in the GOODS-MUSIC sample: into the epoch of formation of massive galaxies}",
      journal = {\aap},
     keywords = {galaxies: distances and redshift, galaxies: evolution, galaxies: high-redshift, galaxies: fundamental parameters, galaxies: luminosity fuction, mass function, Astrophysics},
         year = 2006,
        month = dec,
       volume = {459},
       number = {3},
        pages = {745-757},
          doi = {10.1051/0004-6361:20065475},
archivePrefix = {arXiv},
       eprint = {astro-ph/0609068},
 primaryClass = {astro-ph},
       adsurl = {https://ui.adsabs.harvard.edu/abs/2006A&A...459..745F},
      adsnote = {Provided by the SAO/NASA Astrophysics Data System}
}

@ARTICLE{Gonzales:2008,
       author = {{P{\'e}rez-Gonz{\'a}lez}, Pablo G. and {Rieke}, George H. and
         {Villar}, Victor and {Barro}, Guillermo and {Blaylock}, Myra and
         {Egami}, Eiichi and {Gallego}, Jes{\'u}s and {Gil de Paz}, Armando and
         {Pascual}, Sergio and {Zamorano}, Jaime and {Donley}, Jennifer L.},
        title = "{The Stellar Mass Assembly of Galaxies from z = 0 to z = 4: Analysis of a Sample Selected in the Rest-Frame Near-Infrared with Spitzer}",
      journal = {\apj},
     keywords = {galaxies: evolution, galaxies: high-redshift, galaxies: photometry, galaxies: starburst, infrared: galaxies, Astrophysics},
         year = 2008,
        month = mar,
       volume = {675},
       number = {1},
        pages = {234-261},
          doi = {10.1086/523690},
archivePrefix = {arXiv},
       eprint = {0709.1354},
 primaryClass = {astro-ph},
       adsurl = {https://ui.adsabs.harvard.edu/abs/2008ApJ...675..234P},
      adsnote = {Provided by the SAO/NASA Astrophysics Data System}
}

@ARTICLE{Pozzetti:2010,
       author = {{Pozzetti}, L. and {Bolzonella}, M. and {Zucca}, E. and {Zamorani}, G. and
         {Lilly}, S. and {Renzini}, A. and {Moresco}, M. and {Mignoli}, M. and
         {Cassata}, P. and {Tasca}, L. and {Lamareille}, F. and {Maier}, C. and
         {Meneux}, B. and {Halliday}, C. and {Oesch}, P. and {Vergani}, D. and
         {Caputi}, K. and {Kova{\v{c}}}, K. and {Cimatti}, A. and
         {Cucciati}, O. and {Iovino}, A. and {Peng}, Y. and {Carollo}, M. and
         {Contini}, T. and {Kneib}, J. -P. and {Le F{\'e}vre}, O. and
         {Mainieri}, V. and {Scodeggio}, M. and {Bardelli}, S. and
         {Bongiorno}, A. and {Coppa}, G. and {de la Torre}, S. and
         {de Ravel}, L. and {Franzetti}, P. and {Garilli}, B. and
         {Kampczyk}, P. and {Knobel}, C. and {Le Borgne}, J. -F. and
         {Le Brun}, V. and {Pell{\`o}}, R. and {Perez Montero}, E. and
         {Ricciardelli}, E. and {Silverman}, J.~D. and {Tanaka}, M. and
         {Tresse}, L. and {Abbas}, U. and {Bottini}, D. and {Cappi}, A. and
         {Guzzo}, L. and {Koekemoer}, A.~M. and {Leauthaud}, A. and
         {Maccagni}, D. and {Marinoni}, C. and {McCracken}, H.~J. and
         {Memeo}, P. and {Porciani}, C. and {Scaramella}, R. and {Scarlata}, C. and
         {Scoville}, N.},
        title = "{zCOSMOS - 10k-bright spectroscopic sample. The bimodality in the galaxy stellar mass function: exploring its evolution with redshift}",
      journal = {\aap},
     keywords = {galaxies: evolution, galaxies: luminosity function, mass function, galaxies:, statistics, galaxies: formation, Astrophysics - Cosmology and Nongalactic Astrophysics, Astrophysics - High Energy Astrophysical Phenomena},
         year = 2010,
        month = nov,
       volume = {523},
          eid = {A13},
        pages = {A13},
          doi = {10.1051/0004-6361/200913020},
archivePrefix = {arXiv},
       eprint = {0907.5416},
 primaryClass = {astro-ph.CO},
       adsurl = {https://ui.adsabs.harvard.edu/abs/2010A&A...523A..13P},
      adsnote = {Provided by the SAO/NASA Astrophysics Data System}
}

@article{NYU,
      author         = "Blanton, Michael R. and others",
      title          = "{NYU-VAGC: A Galaxy catalog based on new public surveys}",
      collaboration  = "SDSS",
      journal        = "Astron. J.",
      volume         = "129",
      year           = "2005",
      pages          = "2562-2578",
      doi            = "10.1086/429803",
      eprint         = "astro-ph/0410166",
      archivePrefix  = "arXiv",
      primaryClass   = "astro-ph",
      SLACcitation   = "%%CITATION = ASTRO-PH/0410166;%%"
}

@ARTICLE{Blanton_subtraction,
       author = {{Blanton}, Michael R. and {Kazin}, Eyal and {Muna}, Demitri and
         {Weaver}, Benjamin A. and {Price-Whelan}, Adrian},
        title = "{Improved Background Subtraction for the Sloan Digital Sky Survey Images}",
      journal = {\aj},
     keywords = {atmospheric effects, galaxies: photometry, methods: data analysis, techniques: image processing, Astrophysics - Instrumentation and Methods for Astrophysics},
         year = 2011,
        month = jul,
       volume = {142},
       number = {1},
          eid = {31},
        pages = {31},
          doi = {10.1088/0004-6256/142/1/31},
archivePrefix = {arXiv},
       eprint = {1105.1960},
 primaryClass = {astro-ph.IM},
       adsurl = {https://ui.adsabs.harvard.edu/abs/2011AJ....142...31B},
      adsnote = {Provided by the SAO/NASA Astrophysics Data System}
}

@ARTICLE{Ross_et_al,
       author = {{Ross}, Ashley J. and {Percival}, Will J. and {S{\'a}nchez}, Ariel G. and
         {Samushia}, Lado and {Ho}, Shirley and {Kazin}, Eyal and
         {Manera}, Marc and {Reid}, Beth and {White}, Martin and
         {Tojeiro}, Rita and {McBride}, Cameron K. and {Xu}, Xiaoying and
         {Wake}, David A. and {Strauss}, Michael A. and {Montesano}, Francesco and
         {Swanson}, Molly E.~C. and {Bailey}, Stephen and {Bolton}, Adam S. and
         {Dorta}, Antonio Montero and {Eisenstein}, Daniel J. and {Guo}, Hong and
         {Hamilton}, Jean-Christophe and {Nichol}, Robert C. and
         {Padmanabhan}, Nikhil and {Prada}, Francisco and {Schlegel}, David J. and
         {Maga{\~n}a}, Mariana Vargas and {Zehavi}, Idit and {Blanton}, Michael and
         {Bizyaev}, Dmitry and {Brewington}, Howard and {Cuesta}, Antonio J. and
         {Malanushenko}, Elena and {Malanushenko}, Viktor and {Oravetz}, Daniel and
         {Parejko}, John and {Pan}, Kaike and {Schneider}, Donald P. and
         {Shelden}, Alaina and {Simmons}, Audrey and {Snedden}, Stephanie and
         {Zhao}, Gong-bo},
        title = "{The clustering of galaxies in the SDSS-III Baryon Oscillation Spectroscopic Survey: analysis of potential systematics}",
      journal = {\mnras},
     keywords = {cosmology: observations, distance scale, large-scale structure of Universe, Astrophysics - Cosmology and Nongalactic Astrophysics},
         year = 2012,
        month = jul,
       volume = {424},
       number = {1},
        pages = {564-590},
          doi = {10.1111/j.1365-2966.2012.21235.x},
archivePrefix = {arXiv},
       eprint = {1203.6499},
 primaryClass = {astro-ph.CO},
       adsurl = {https://ui.adsabs.harvard.edu/abs/2012MNRAS.424..564R},
      adsnote = {Provided by the SAO/NASA Astrophysics Data System}
}

@ARTICLE{Norberg_et_al,
       author = {{Norberg}, P. and {Baugh}, C.~M. and {Gazta{\~n}aga}, E. and
         {Croton}, D.~J.},
        title = "{Statistical analysis of galaxy surveys - I. Robust error estimation for two-point clustering statistics}",
      journal = {\mnras},
     keywords = {galaxies: statistics, cosmology: theory, large-scale structure of Universe, Astrophysics},
         year = 2009,
        month = jun,
       volume = {396},
       number = {1},
        pages = {19-38},
          doi = {10.1111/j.1365-2966.2009.14389.x},
archivePrefix = {arXiv},
       eprint = {0810.1885},
 primaryClass = {astro-ph},
       adsurl = {https://ui.adsabs.harvard.edu/abs/2009MNRAS.396...19N},
      adsnote = {Provided by the SAO/NASA Astrophysics Data System}
}

@ARTICLE{Landy_Szalay,
       author = {{Landy}, Stephen D. and {Szalay}, Alexander S.},
        title = "{Bias and Variance of Angular Correlation Functions}",
      journal = {\apj},
     keywords = {Angular Correlation, Bias, Computational Astrophysics, Galactic Clusters, Variance, Correlation Coefficients, Monte Carlo Method, Random Variables, Astrophysics, GALAXIES: CLUSTERING, METHODS: NUMERICAL},
         year = 1993,
        month = jul,
       volume = {412},
        pages = {64},
          doi = {10.1086/172900},
       adsurl = {https://ui.adsabs.harvard.edu/abs/1993ApJ...412...64L},
      adsnote = {Provided by the SAO/NASA Astrophysics Data System}
}

@ARTICLE{Zwaan,
       author = {{Zwaan}, M.~A. and {Meyer}, M.~J. and {Staveley-Smith}, L. and
         {Webster}, R.~L.},
        title = "{The HIPASS catalogue: {\ensuremath{\Omega}}$_{HI}$ and environmental effects on the HI mass function of galaxies}",
      journal = {\mnras},
     keywords = {methods: observational, methods: statistical, surveys, galaxies: luminosity function, mass function, galaxies: statistics, radio lines: galaxies, Astrophysics},
         year = 2005,
        month = may,
       volume = {359},
       number = {1},
        pages = {L30-L34},
          doi = {10.1111/j.1745-3933.2005.00029.x},
archivePrefix = {arXiv},
       eprint = {astro-ph/0502257},
 primaryClass = {astro-ph},
       adsurl = {https://ui.adsabs.harvard.edu/abs/2005MNRAS.359L..30Z},
      adsnote = {Provided by the SAO/NASA Astrophysics Data System}
}

@ARTICLE{ALFALFA-SDSS,
       author = {{Durbala}, Adriana and {Finn}, Rose A. and {Crone Odekon}, Mary and {Haynes}, Martha P. and {Koopmann}, Rebecca A. and {O'Donoghue}, Aileen A.},
        title = "{The ALFALFA-SDSS Galaxy Catalog}",
      journal = {\aj},
     keywords = {Galaxies, Late-type galaxies, Galaxy evolution, Sky surveys, Astronomy databases, 573, 907, 594, 1464, 83, Astrophysics - Astrophysics of Galaxies},
         year = 2020,
        month = dec,
       volume = {160},
       number = {6},
          eid = {271},
        pages = {271},
          doi = {10.3847/1538-3881/abc018},
archivePrefix = {arXiv},
       eprint = {2011.02588},
 primaryClass = {astro-ph.GA},
       adsurl = {https://ui.adsabs.harvard.edu/abs/2020AJ....160..271D},
      adsnote = {Provided by the SAO/NASA Astrophysics Data System}
}


@ARTICLE{Evidence_test,
       author = {{Marshall}, Phil and {Rajguru}, Nutan and {Slosar}, An{\v{z}}e},
        title = "{Bayesian evidence as a tool for comparing datasets}",
      journal = {\prd},
     keywords = {98.80.Cq, Particle-theory and field-theory models of the early Universe, Astrophysics},
         year = 2006,
        month = mar,
       volume = {73},
       number = {6},
          eid = {067302},
        pages = {067302},
          doi = {10.1103/PhysRevD.73.067302},
archivePrefix = {arXiv},
       eprint = {astro-ph/0412535},
 primaryClass = {astro-ph},
       adsurl = {https://ui.adsabs.harvard.edu/abs/2006PhRvD..73f7302M},
      adsnote = {Provided by the SAO/NASA Astrophysics Data System}
}

@ARTICLE{NFW,
       author = {{Navarro}, Julio F. and {Frenk}, Carlos S. and {White}, Simon D.~M.},
        title = "{A Universal Density Profile from Hierarchical Clustering}",
      journal = {\apj},
     keywords = {Cosmology: Theory, Cosmology: Dark Matter, Galaxies: Halos, Methods: Numerical, Astrophysics},
         year = 1997,
        month = dec,
       volume = {490},
       number = {2},
        pages = {493-508},
          doi = {10.1086/304888},
archivePrefix = {arXiv},
       eprint = {astro-ph/9611107},
 primaryClass = {astro-ph},
       adsurl = {https://ui.adsabs.harvard.edu/abs/1997ApJ...490..493N},
      adsnote = {Provided by the SAO/NASA Astrophysics Data System}
}

@article{Schneider,
    author = "Schneider, Aurel and Teyssier, Romain and Potter, Doug and Stadel, Joachim and Onions, Julian and Reed, Darren S. and Smith, Robert E. and Springel, Volker and Pearce, Frazer R. and Scoccimarro, Roman",
    title = "{Matter power spectrum and the challenge of percent accuracy}",
    eprint = "1503.05920",
    archivePrefix = "arXiv",
    primaryClass = "astro-ph.CO",
    doi = "10.1088/1475-7516/2016/04/047",
    journal = "JCAP",
    volume = "04",
    pages = "047",
    year = "2016"
}

@ARTICLE{Kauffman,
       author = {{Kauffmann}, Guinevere and {Heckman}, Timothy M. and {White}, Simon D.~M. and {Charlot}, St{\'e}phane and {Tremonti}, Christy and {Brinchmann}, Jarle and {Bruzual}, Gustavo and {Peng}, Eric W. and {Seibert}, Mark and {Bernardi}, Mariangela and {Blanton}, Michael and {Brinkmann}, Jon and {Castander}, Francisco and {Cs{\'a}bai}, Istvan and {Fukugita}, Masataka and {Ivezic}, Zeljko and {Munn}, Jeffrey A. and {Nichol}, Robert C. and {Padmanabhan}, Nikhil and {Thakar}, Aniruddha R. and {Weinberg}, David H. and {York}, Donald},
        title = "{Stellar masses and star formation histories for {}10$^{5}$ galaxies from the Sloan Digital Sky Survey}",
      journal = {\mnras},
     keywords = {galaxies: evolution, galaxies: formation, galaxies: stellar content, Astrophysics},
         year = 2003,
        month = may,
       volume = {341},
       number = {1},
        pages = {33-53},
          doi = {10.1046/j.1365-8711.2003.06291.x},
archivePrefix = {arXiv},
       eprint = {astro-ph/0204055},
 primaryClass = {astro-ph},
       adsurl = {https://ui.adsabs.harvard.edu/abs/2003MNRAS.341...33K},
      adsnote = {Provided by the SAO/NASA Astrophysics Data System}
}

@ARTICLE{Bruzual_Charlot,
       author = {{Bruzual A.}, Gustavo and {Charlot}, Stephane},
        title = "{Spectral Evolution of Stellar Populations Using Isochrone Synthesis}",
      journal = {\apj},
     keywords = {Astronomical Models, Astronomical Spectroscopy, Stellar Evolution, Stellar Spectra, Astronomical Photometry, Color-Magnitude Diagram, Far Ultraviolet Radiation, Metallicity, Near Infrared Radiation, Planetary Nebulae, Red Shift, Sun, White Dwarf Stars, Astrophysics, GALAXIES: LUMINOSITY FUNCTION, MASS FUNCTION, GALAXIES: STELLAR CONTENT, STARS: EVOLUTION, ULTRAVIOLET: GALAXIES},
         year = 1993,
        month = mar,
       volume = {405},
        pages = {538},
          doi = {10.1086/172385},
       adsurl = {https://ui.adsabs.harvard.edu/abs/1993ApJ...405..538B},
      adsnote = {Provided by the SAO/NASA Astrophysics Data System}
}

@article{Bell,
    author = "Bell, Eric F. and McIntosh, Daniel H. and Katz, Neal and Weinberg, Martin D.",
    title = "{The optical and near-infrared properties of galaxies. 1. Luminosity and stellar mass functions}",
    eprint = "astro-ph/0302543",
    archivePrefix = "arXiv",
    doi = "10.1086/378847",
    journal = "Astrophys. J. Suppl.",
    volume = "149",
    pages = "289",
    year = "2003"
}

@article{Baldry:2008ru,
    author = "Baldry, I.K. and Glazebrook, K. and Driver, S.P.",
    title = "{On the galaxy stellar mass function, the mass-metallicity relation, and the implied baryonic mass function}",
    eprint = "0804.2892",
    archivePrefix = "arXiv",
    primaryClass = "astro-ph",
    doi = "10.1111/j.1365-2966.2008.13348.x",
    journal = "Mon. Not. Roy. Astron. Soc.",
    volume = "388",
    pages = "945",
    year = "2008"
}

@ARTICLE{Petrosian,
       author = {{Petrosian}, V.},
        title = "{Surface Brightness and Evolution of Galaxies}",
      journal = {\apjl},
     keywords = {Astronomical Models, Galactic Evolution, Luminous Intensity, Red Shift, Surface Properties, Big Bang Cosmology, Cosmology, Hubble Diagram, Iterative Solution, Point Sources, Astrophysics},
         year = 1976,
        month = dec,
       volume = {210},
        pages = {L53},
          doi = {10.1086/182301},
       adsurl = {https://ui.adsabs.harvard.edu/abs/1976ApJ...209L...1P},
      adsnote = {Provided by the SAO/NASA Astrophysics Data System}
}

@BOOK{Sersic,
       author = {{Sersic}, Jose Luis},
        title = "{Atlas de Galaxias Australes}",
         year = 1968,
       adsurl = {https://ui.adsabs.harvard.edu/abs/1968adga.book.....S},
      adsnote = {Provided by the SAO/NASA Astrophysics Data System}
}

@ARTICLE{Feldman,
       author = {{Feldman}, Hume A. and {Kaiser}, Nick and {Peacock}, John A.},
        title = "{Power-Spectrum Analysis of Three-dimensional Redshift Surveys}",
      journal = {\apj},
     keywords = {Astronomical Models, Cosmology, Dark Matter, Normal Density Functions, Power Spectra, Red Shift, Sky Surveys (Astronomy), Three Dimensional Models, Fourier Transformation, Infrared Astronomy Satellite, Stochastic Processes, Weighting Functions, Astrophysics, COSMOLOGY: THEORY, GALAXIES: DISTANCES AND REDSHIFTS, INFRARED: GALAXIES, METHODS: STATISTICAL, SURVEYS, Astrophysics},
         year = 1994,
        month = may,
       volume = {426},
        pages = {23},
          doi = {10.1086/174036},
archivePrefix = {arXiv},
       eprint = {astro-ph/9304022},
 primaryClass = {astro-ph},
       adsurl = {https://ui.adsabs.harvard.edu/abs/1994ApJ...426...23F},
      adsnote = {Provided by the SAO/NASA Astrophysics Data System}
}

@ARTICLE{McGaugh2000,
       author = {{McGaugh}, S.~S. and {Schombert}, J.~M. and {Bothun}, G.~D. and {de Blok}, W.~J.~G.},
        title = "{The Baryonic Tully-Fisher Relation}",
      journal = {\apjl},
     keywords = {COSMOLOGY: DARK MATTER, GALAXIES: DWARF, GALAXIES: FORMATION, GALAXIES: FUNDAMENTAL PARAMETERS, GALAXIES: KINEMATICS AND DYNAMICS, GALAXIES: SPIRAL, Astrophysics},
         year = 2000,
        month = apr,
       volume = {533},
       number = {2},
        pages = {L99-L102},
          doi = {10.1086/312628},
archivePrefix = {arXiv},
       eprint = {astro-ph/0003001},
 primaryClass = {astro-ph},
       adsurl = {https://ui.adsabs.harvard.edu/abs/2000ApJ...533L..99M},
      adsnote = {Provided by the SAO/NASA Astrophysics Data System}
}

@ARTICLE{Tully1977,
       author = {{Tully}, R.~B. and {Fisher}, J.~R.},
        title = "{Reprint of 1977A\&A....54..661T. A new method of determining distance to galaxies.}",
      journal = {\aap},
     keywords = {Distance Measuring Equipment, H Lines, Luminous Intensity, Spectral Line Width, Spiral Galaxies, Telescopes, Astronomical Photometry, Calibrating, Galactic Clusters, Galactic Structure, Hubble Diagram, Synoptic Measurement, Astronomy},
         year = 1977,
        month = feb,
       volume = {500},
        pages = {105-117},
       adsurl = {https://ui.adsabs.harvard.edu/abs/1977A&A....54..661T},
      adsnote = {Provided by the SAO/NASA Astrophysics Data System}
}

@ARTICLE{Euclid,
       author = {{Laureijs}, R. and {Amiaux}, J. and {Arduini}, S. and {Augu{\`e}res}, J. -L. and {Brinchmann}, J. and {Cole}, R. and {Cropper}, M. and {Dabin}, C. and {Duvet}, L. and {Ealet}, A. and {Garilli}, B. and {Gondoin}, P. and {Guzzo}, L. and {Hoar}, J. and {Hoekstra}, H. and {Holmes}, R. and {Kitching}, T. and {Maciaszek}, T. and {Mellier}, Y. and {Pasian}, F. and {Percival}, W. and {Rhodes}, J. and {Saavedra Criado}, G. and {Sauvage}, M. and {Scaramella}, R. and {Valenziano}, L. and {Warren}, S. and {Bender}, R. and {Castander}, F. and {Cimatti}, A. and {Le F{\`e}vre}, O. and {Kurki-Suonio}, H. and {Levi}, M. and {Lilje}, P. and {Meylan}, G. and {Nichol}, R. and {Pedersen}, K. and {Popa}, V. and {Rebolo Lopez}, R. and {Rix}, H. -W. and {Rottgering}, H. and {Zeilinger}, W. and {Grupp}, F. and {Hudelot}, P. and {Massey}, R. and {Meneghetti}, M. and {Miller}, L. and {Paltani}, S. and {Paulin-Henriksson}, S. and {Pires}, S. and {Saxton}, C. and {Schrabback}, T. and {Seidel}, G. and {Walsh}, J. and {Aghanim}, N. and {Amendola}, L. and {Bartlett}, J. and {Baccigalupi}, C. and {Beaulieu}, J. -P. and {Benabed}, K. and {Cuby}, J. -G. and {Elbaz}, D. and {Fosalba}, P. and {Gavazzi}, G. and {Helmi}, A. and {Hook}, I. and {Irwin}, M. and {Kneib}, J. -P. and {Kunz}, M. and {Mannucci}, F. and {Moscardini}, L. and {Tao}, C. and {Teyssier}, R. and {Weller}, J. and {Zamorani}, G. and {Zapatero Osorio}, M.~R. and {Boulade}, O. and {Foumond}, J.~J. and {Di Giorgio}, A. and {Guttridge}, P. and {James}, A. and {Kemp}, M. and {Martignac}, J. and {Spencer}, A. and {Walton}, D. and {Bl{\"u}mchen}, T. and {Bonoli}, C. and {Bortoletto}, F. and {Cerna}, C. and {Corcione}, L. and {Fabron}, C. and {Jahnke}, K. and {Ligori}, S. and {Madrid}, F. and {Martin}, L. and {Morgante}, G. and {Pamplona}, T. and {Prieto}, E. and {Riva}, M. and {Toledo}, R. and {Trifoglio}, M. and {Zerbi}, F. and {Abdalla}, F. and {Douspis}, M. and {Grenet}, C. and {Borgani}, S. and {Bouwens}, R. and {Courbin}, F. and {Delouis}, J. -M. and {Dubath}, P. and {Fontana}, A. and {Frailis}, M. and {Grazian}, A. and {Koppenh{\"o}fer}, J. and {Mansutti}, O. and {Melchior}, M. and {Mignoli}, M. and {Mohr}, J. and {Neissner}, C. and {Noddle}, K. and {Poncet}, M. and {Scodeggio}, M. and {Serrano}, S. and {Shane}, N. and {Starck}, J. -L. and {Surace}, C. and {Taylor}, A. and {Verdoes-Kleijn}, G. and {Vuerli}, C. and {Williams}, O.~R. and {Zacchei}, A. and {Altieri}, B. and {Escudero Sanz}, I. and {Kohley}, R. and {Oosterbroek}, T. and {Astier}, P. and {Bacon}, D. and {Bardelli}, S. and {Baugh}, C. and {Bellagamba}, F. and {Benoist}, C. and {Bianchi}, D. and {Biviano}, A. and {Branchini}, E. and {Carbone}, C. and {Cardone}, V. and {Clements}, D. and {Colombi}, S. and {Conselice}, C. and {Cresci}, G. and {Deacon}, N. and {Dunlop}, J. and {Fedeli}, C. and {Fontanot}, F. and {Franzetti}, P. and {Giocoli}, C. and {Garcia-Bellido}, J. and {Gow}, J. and {Heavens}, A. and {Hewett}, P. and {Heymans}, C. and {Holland}, A. and {Huang}, Z. and {Ilbert}, O. and {Joachimi}, B. and {Jennins}, E. and {Kerins}, E. and {Kiessling}, A. and {Kirk}, D. and {Kotak}, R. and {Krause}, O. and {Lahav}, O. and {van Leeuwen}, F. and {Lesgourgues}, J. and {Lombardi}, M. and {Magliocchetti}, M. and {Maguire}, K. and {Majerotto}, E. and {Maoli}, R. and {Marulli}, F. and {Maurogordato}, S. and {McCracken}, H. and {McLure}, R. and {Melchiorri}, A. and {Merson}, A. and {Moresco}, M. and {Nonino}, M. and {Norberg}, P. and {Peacock}, J. and {Pello}, R. and {Penny}, M. and {Pettorino}, V. and {Di Porto}, C. and {Pozzetti}, L. and {Quercellini}, C. and {Radovich}, M. and {Rassat}, A. and {Roche}, N. and {Ronayette}, S. and {Rossetti}, E. and {Sartoris}, B. and {Schneider}, P. and {Semboloni}, E. and {Serjeant}, S. and {Simpson}, F. and {Skordis}, C. and {Smadja}, G. and {Smartt}, S. and {Spano}, P. and {Spiro}, S. and {Sullivan}, M. and {Tilquin}, A. and {Trotta}, R. and {Verde}, L. and {Wang}, Y. and {Williger}, G. and {Zhao}, G. and {Zoubian}, J. and {Zucca}, E.},
        title = "{Euclid Definition Study Report}",
      journal = {arXiv e-prints},
     keywords = {Astrophysics - Cosmology and Extragalactic Astrophysics, Astrophysics - Galaxy Astrophysics},
         year = 2011,
        month = oct,
          eid = {arXiv:1110.3193},
        pages = {arXiv:1110.3193},
archivePrefix = {arXiv},
       eprint = {1110.3193},
 primaryClass = {astro-ph.CO},
       adsurl = {https://ui.adsabs.harvard.edu/abs/2011arXiv1110.3193L},
      adsnote = {Provided by the SAO/NASA Astrophysics Data System}
}


@ARTICLE{LSST, author = {{Ivezi{\'c}}, {\v Z}. and {Kahn}, S.~M. and {Tyson}, J.~A. and {Abel}, B. and {Acosta}, E. and {Allsman}, R. and {Alonso}, D. and {AlSayyad}, Y. and {Anderson}, S.~F. and {Andrew}, J. and et al.}, title = "{LSST: From Science Drivers to Reference Design and Anticipated Data Products}", journal = {\apj}, archivePrefix = "arXiv", eprint = {0805.2366}, keywords = {astrometry, cosmology: observations, Galaxy: general, methods: observational, stars: general, surveys}, year = 2019, month = mar, volume = 873, eid = {111}, pages = {111}, doi = {10.3847/1538-4357/ab042c}, adsurl = {http://adsabs.harvard.edu/abs/2019ApJ...873..111I}, adsnote = {Provided by the SAO/NASA Astrophysics Data System} }

@ARTICLE{SKA,
       author = {{Dewdney}, P.~E. and {Hall}, P.~J. and {Schilizzi}, R.~T. and {Lazio}, T.~J.~L.~W.},
        title = "{The Square Kilometre Array}",
      journal = {IEEE Proceedings},
         year = 2009,
        month = aug,
       volume = {97},
       number = {8},
        pages = {1482-1496},
          doi = {10.1109/JPROC.2009.2021005},
       adsurl = {https://ui.adsabs.harvard.edu/abs/2009IEEEP..97.1482D},
      adsnote = {Provided by the SAO/NASA Astrophysics Data System}
}

@ARTICLE{Knebe2011,
       author = {{Knebe}, Alexander and {Knollmann}, Steffen R. and {Muldrew}, Stuart I. and {Pearce}, Frazer R. and {Aragon-Calvo}, Miguel Angel and {Ascasibar}, Yago and {Behroozi}, Peter S. and {Ceverino}, Daniel and {Colombi}, Stephane and {Diemand}, Juerg and {Dolag}, Klaus and {Falck}, Bridget L. and {Fasel}, Patricia and {Gardner}, Jeff and {Gottl{\"o}ber}, Stefan and {Hsu}, Chung-Hsing and {Iannuzzi}, Francesca and {Klypin}, Anatoly and {Luki{\'c}}, Zarija and {Maciejewski}, Michal and {McBride}, Cameron and {Neyrinck}, Mark C. and {Planelles}, Susana and {Potter}, Doug and {Quilis}, Vicent and {Rasera}, Yann and {Read}, Justin I. and {Ricker}, Paul M. and {Roy}, Fabrice and {Springel}, Volker and {Stadel}, Joachim and {Stinson}, Greg and {Sutter}, P.~M. and {Turchaninov}, Victor and {Tweed}, Dylan and {Yepes}, Gustavo and {Zemp}, Marcel},
        title = "{Haloes gone MAD: The Halo-Finder Comparison Project}",
      journal = {\mnras},
     keywords = {methods: numerical, galaxies: evolution, galaxies: haloes, cosmology: miscellaneous, cosmology: theory, dark matter, Astrophysics - Cosmology and Nongalactic Astrophysics},
         year = 2011,
        month = aug,
       volume = {415},
       number = {3},
        pages = {2293-2318},
          doi = {10.1111/j.1365-2966.2011.18858.x},
archivePrefix = {arXiv},
       eprint = {1104.0949},
 primaryClass = {astro-ph.CO},
       adsurl = {https://ui.adsabs.harvard.edu/abs/2011MNRAS.415.2293K},
      adsnote = {Provided by the SAO/NASA Astrophysics Data System}
}

@ARTICLE{Paul2018,
       author = {{Paul}, Niladri and {Choudhury}, Tirthankar Roy and {Paranjape}, Aseem},
        title = "{Halo models of H I selected galaxies}",
      journal = {\mnras},
     keywords = {methods: analytical, methods: numerical, (cosmology:) large-scale structure of Universe, galaxies: formation, Astrophysics - Astrophysics of Galaxies, Astrophysics - Cosmology and Nongalactic Astrophysics},
         year = 2018,
        month = sep,
       volume = {479},
       number = {2},
        pages = {1627-1637},
          doi = {10.1093/mnras/sty1539},
archivePrefix = {arXiv},
       eprint = {1712.04469},
 primaryClass = {astro-ph.GA},
       adsurl = {https://ui.adsabs.harvard.edu/abs/2018MNRAS.479.1627P},
      adsnote = {Provided by the SAO/NASA Astrophysics Data System}
}


@ARTICLE{Chauhan2020,
       author = {{Chauhan}, Garima and {Lagos}, Claudia del P. and {Stevens}, Adam R.~H. and {Obreschkow}, Danail and {Power}, Chris and {Meyer}, Martin},
        title = "{The physical drivers of the atomic hydrogen-halo mass relation}",
      journal = {\mnras},
     keywords = {galaxies: evolution, galaxies: formation, galaxies: haloes, Astrophysics - Astrophysics of Galaxies},
         year = 2020,
        month = aug,
       volume = {498},
       number = {1},
        pages = {44-67},
          doi = {10.1093/mnras/staa2251},
archivePrefix = {arXiv},
       eprint = {2006.12102},
 primaryClass = {astro-ph.GA},
       adsurl = {https://ui.adsabs.harvard.edu/abs/2020MNRAS.498...44C},
      adsnote = {Provided by the SAO/NASA Astrophysics Data System}
}

@ARTICLE{Lu2020,
       author = {{Lu}, Yi and {Yang}, Xiaohu and {Liu}, Chengze and {Guo}, Hong and {Xu}, Haojie and {Katsianis}, Antonios and {Wang}, Zhaoyu},
        title = "{Populating HI gas in dark matter halos: I. method}",
      journal = {arXiv e-prints},
     keywords = {Astrophysics - Astrophysics of Galaxies, Astrophysics - Cosmology and Nongalactic Astrophysics},
         year = 2020,
        month = aug,
          eid = {arXiv:2008.09804},
        pages = {arXiv:2008.09804},
archivePrefix = {arXiv},
       eprint = {2008.09804},
 primaryClass = {astro-ph.GA},
       adsurl = {https://ui.adsabs.harvard.edu/abs/2020arXiv200809804L},
      adsnote = {Provided by the SAO/NASA Astrophysics Data System}
}

@ARTICLE{Guo2020,
       author = {{Guo}, Hong and {Jones}, Michael G. and {Haynes}, Martha P. and {Fu}, Jian},
        title = "{Direct Measurement of the H I-halo Mass Relation through Stacking}",
      journal = {\apj},
     keywords = {H I line emission, Galaxy dark matter halos, Galaxy groups, Galactic and extragalactic astronomy, Galaxy environments, Circumgalactic medium, Active galactic nuclei, Galaxy accretion, 690, 1880, 597, 563, 2029, 1879, 16, 575, Astrophysics - Astrophysics of Galaxies},
         year = 2020,
        month = may,
       volume = {894},
       number = {2},
          eid = {92},
        pages = {92},
          doi = {10.3847/1538-4357/ab886f},
archivePrefix = {arXiv},
       eprint = {2004.04762},
 primaryClass = {astro-ph.GA},
       adsurl = {https://ui.adsabs.harvard.edu/abs/2020ApJ...894...92G},
      adsnote = {Provided by the SAO/NASA Astrophysics Data System}
}

@ARTICLE{Puebla2011,
       author = {{Rodr{\'\i}guez-Puebla}, A. and {Avila-Reese}, V. and {Firmani}, C. and {Col{\'\i}n}, P.},
        title = "{On the stellar and baryonic mass fractions of central blue and red galaxies}",
      journal = {\rmxaa},
     keywords = {dark matter, galaxies: luminosity function, mass function, Astrophysics - Cosmology and Extragalactic Astrophysics},
         year = 2011,
        month = oct,
       volume = {47},
        pages = {235-253},
archivePrefix = {arXiv},
       eprint = {1103.4151},
 primaryClass = {astro-ph.CO},
       adsurl = {https://ui.adsabs.harvard.edu/abs/2011RMxAA..47..235R},
      adsnote = {Provided by the SAO/NASA Astrophysics Data System}
}

@ARTICLE{Saga2017,
       author = {{Geha}, Marla and {Wechsler}, Risa H. and {Mao}, Yao-Yuan and {Tollerud}, Erik J. and {Weiner}, Benjamin and {Bernstein}, Rebecca and {Hoyle}, Ben and {Marchi}, Sebastian and {Marshall}, Phil J. and {Mu{\~n}oz}, Ricardo and {Lu}, Yu},
        title = "{The SAGA Survey. I. Satellite Galaxy Populations around Eight Milky Way Analogs}",
      journal = {\apj},
     keywords = {galaxies: dwarf, galaxies: halos, galaxies: luminosity function, mass function, galaxies: structure, Local Group, Astrophysics - Astrophysics of Galaxies, Astrophysics - Cosmology and Nongalactic Astrophysics},
         year = 2017,
        month = sep,
       volume = {847},
       number = {1},
          eid = {4},
        pages = {4},
          doi = {10.3847/1538-4357/aa8626},
archivePrefix = {arXiv},
       eprint = {1705.06743},
 primaryClass = {astro-ph.GA},
       adsurl = {https://ui.adsabs.harvard.edu/abs/2017ApJ...847....4G},
      adsnote = {Provided by the SAO/NASA Astrophysics Data System}
}

@ARTICLE{Klypin,
       author = {{Klypin}, Anatoly and {Kravtsov}, Andrey V. and {Valenzuela}, Octavio and {Prada}, Francisco},
        title = "{Where Are the Missing Galactic Satellites?}",
      journal = {\apj},
     keywords = {COSMOLOGY: THEORY, GALAXIES: CLUSTERS: GENERAL, GALAXIES: INTERACTIONS, GALAXY: FORMATION, GALAXIES: LOCAL GROUP, METHODS: NUMERICAL, Cosmology: Theory, Galaxies: Clusters: General, Galaxies: Interactions, Galaxy: Formation, Galaxies: Local Group, Methods: Numerical, Astrophysics},
         year = 1999,
        month = sep,
       volume = {522},
       number = {1},
        pages = {82-92},
          doi = {10.1086/307643},
archivePrefix = {arXiv},
       eprint = {astro-ph/9901240},
 primaryClass = {astro-ph},
       adsurl = {https://ui.adsabs.harvard.edu/abs/1999ApJ...522...82K},
      adsnote = {Provided by the SAO/NASA Astrophysics Data System}
}

@ARTICLE{Moore,
       author = {{Moore}, Ben and {Ghigna}, Sebastiano and {Governato}, Fabio and {Lake}, George and {Quinn}, Thomas and {Stadel}, Joachim and {Tozzi}, Paolo},
        title = "{Dark Matter Substructure within Galactic Halos}",
      journal = {\apjl},
     keywords = {COSMOLOGY: OBSERVATIONS, COSMOLOGY: THEORY, COSMOLOGY: DARK MATTER, GALAXIES: CLUSTERS: GENERAL, GALAXIES: FORMATION, Cosmology: Observations, Cosmology: Theory, Cosmology: Dark Matter, Galaxies: Clusters: General, Galaxies: Formation, Astrophysics},
         year = 1999,
        month = oct,
       volume = {524},
       number = {1},
        pages = {L19-L22},
          doi = {10.1086/312287},
archivePrefix = {arXiv},
       eprint = {astro-ph/9907411},
 primaryClass = {astro-ph},
       adsurl = {https://ui.adsabs.harvard.edu/abs/1999ApJ...524L..19M},
      adsnote = {Provided by the SAO/NASA Astrophysics Data System}
}

@ARTICLE{TBTF,
       author = {{Boylan-Kolchin}, Michael and {Bullock}, James S. and {Kaplinghat}, Manoj},
        title = "{The Milky Way's bright satellites as an apparent failure of {\ensuremath{\Lambda}}CDM}",
      journal = {\mnras},
     keywords = {galaxies: haloes, Local Group, cosmology: theory, dark matter, Astrophysics - Cosmology and Extragalactic Astrophysics},
         year = 2012,
        month = may,
       volume = {422},
       number = {2},
        pages = {1203-1218},
          doi = {10.1111/j.1365-2966.2012.20695.x},
archivePrefix = {arXiv},
       eprint = {1111.2048},
 primaryClass = {astro-ph.CO},
       adsurl = {https://ui.adsabs.harvard.edu/abs/2012MNRAS.422.1203B},
      adsnote = {Provided by the SAO/NASA Astrophysics Data System}
}

@ARTICLE{Bullock,
       author = {{Bullock}, James S. and {Boylan-Kolchin}, Michael},
        title = "{Small-Scale Challenges to the {\ensuremath{\Lambda}}CDM Paradigm}",
      journal = {\araa},
     keywords = {Astrophysics - Cosmology and Nongalactic Astrophysics, High Energy Physics - Phenomenology},
         year = 2017,
        month = aug,
       volume = {55},
       number = {1},
        pages = {343-387},
          doi = {10.1146/annurev-astro-091916-055313},
archivePrefix = {arXiv},
       eprint = {1707.04256},
 primaryClass = {astro-ph.CO},
       adsurl = {https://ui.adsabs.harvard.edu/abs/2017ARA&A..55..343B},
      adsnote = {Provided by the SAO/NASA Astrophysics Data System}
}

@ARTICLE{Li2009,
       author = {{Li}, Cheng and {White}, Simon D.~M.},
        title = "{The distribution of stellar mass in the low-redshift Universe}",
      journal = {\mnras},
     keywords = {galaxies: clusters: general, galaxies: distances and redshifts, cosmology: theory, dark matter, large-scale structure of Universe, Astrophysics - Cosmology and Nongalactic Astrophysics},
         year = 2009,
        month = oct,
       volume = {398},
       number = {4},
        pages = {2177-2187},
          doi = {10.1111/j.1365-2966.2009.15268.x},
archivePrefix = {arXiv},
       eprint = {0901.0706},
 primaryClass = {astro-ph.CO},
       adsurl = {https://ui.adsabs.harvard.edu/abs/2009MNRAS.398.2177L},
      adsnote = {Provided by the SAO/NASA Astrophysics Data System}
}

@ARTICLE{Jones2018,
       author = {{Jones}, Michael G. and {Haynes}, Martha P. and {Giovanelli}, Riccardo and {Moorman}, Crystal},
        title = "{The ALFALFA H I mass function: a dichotomy in the low-mass slope and a locally suppressed `knee' mass}",
      journal = {\mnras},
     keywords = {surveys, galaxies: luminosity function, mass function, radio lines: galaxies, Astrophysics - Astrophysics of Galaxies},
         year = 2018,
        month = jun,
       volume = {477},
       number = {1},
        pages = {2-17},
          doi = {10.1093/mnras/sty521},
archivePrefix = {arXiv},
       eprint = {1802.00053},
 primaryClass = {astro-ph.GA},
       adsurl = {https://ui.adsabs.harvard.edu/abs/2018MNRAS.477....2J},
      adsnote = {Provided by the SAO/NASA Astrophysics Data System}
}

@ARTICLE{McGaugh_2005,
       author = {{McGaugh}, Stacy S.},
        title = "{The Baryonic Tully-Fisher Relation of Galaxies with Extended Rotation Curves and the Stellar Mass of Rotating Galaxies}",
      journal = {\apj},
     keywords = {Cosmology: Dark Matter, Galaxies: Kinematics and Dynamics, Galaxies: Spiral, Astrophysics},
         year = 2005,
        month = oct,
       volume = {632},
       number = {2},
        pages = {859-871},
          doi = {10.1086/432968},
archivePrefix = {arXiv},
       eprint = {astro-ph/0506750},
 primaryClass = {astro-ph},
       adsurl = {https://ui.adsabs.harvard.edu/abs/2005ApJ...632..859M},
      adsnote = {Provided by the SAO/NASA Astrophysics Data System}
}

@ARTICLE{McGaugh_2015,
       author = {{McGaugh}, Stacy S. and {Schombert}, James M.},
        title = "{Weighing Galaxy Disks With the Baryonic Tully-Fisher Relation}",
      journal = {\apj},
     keywords = {galaxies: evolution, galaxies: fundamental parameters, galaxies: kinematics and dynamics, galaxies: photometry, galaxies: stellar content, Astrophysics - Astrophysics of Galaxies},
         year = 2015,
        month = mar,
       volume = {802},
       number = {1},
          eid = {18},
        pages = {18},
          doi = {10.1088/0004-637X/802/1/18},
archivePrefix = {arXiv},
       eprint = {1501.06826},
 primaryClass = {astro-ph.GA},
       adsurl = {https://ui.adsabs.harvard.edu/abs/2015ApJ...802...18M},
      adsnote = {Provided by the SAO/NASA Astrophysics Data System}
}

@ARTICLE{EMERGE2018,
       author = {{Moster}, Benjamin P. and {Naab}, Thorsten and {White}, Simon D.~M.},
        title = "{EMERGE - an empirical model for the formation of galaxies since z {\ensuremath{\sim}} 10}",
      journal = {\mnras},
     keywords = {galaxies: evolution, galaxies: formation, galaxies: statistics, galaxies: stellar content, dark matter, cosmology: theory, Astrophysics - Astrophysics of Galaxies},
         year = 2018,
        month = jun,
       volume = {477},
       number = {2},
        pages = {1822-1852},
          doi = {10.1093/mnras/sty655},
archivePrefix = {arXiv},
       eprint = {1705.05373},
 primaryClass = {astro-ph.GA},
       adsurl = {https://ui.adsabs.harvard.edu/abs/2018MNRAS.477.1822M},
      adsnote = {Provided by the SAO/NASA Astrophysics Data System}
}

@ARTICLE{Chaves-Montero2016,
       author = {{Chaves-Montero}, Jon{\'a}s and {Angulo}, Raul E. and {Schaye}, Joop and {Schaller}, Matthieu and {Crain}, Robert A. and {Furlong}, Michelle and {Theuns}, Tom},
        title = "{Subhalo abundance matching and assembly bias in the EAGLE simulation}",
      journal = {\mnras},
     keywords = {galaxies: evolution, galaxies: formation, galaxies: haloes, dark matter, large-scale structure of Universe, Astrophysics - Astrophysics of Galaxies, Astrophysics - Cosmology and Nongalactic Astrophysics},
         year = 2016,
        month = aug,
       volume = {460},
       number = {3},
        pages = {3100-3118},
          doi = {10.1093/mnras/stw1225},
archivePrefix = {arXiv},
       eprint = {1507.01948},
 primaryClass = {astro-ph.GA},
       adsurl = {https://ui.adsabs.harvard.edu/abs/2016MNRAS.460.3100C},
      adsnote = {Provided by the SAO/NASA Astrophysics Data System}
}

@ARTICLE{Desmond_MDAR,
       author = {{Desmond}, Harry},
        title = "{A statistical investigation of the mass discrepancy-acceleration relation}",
      journal = {\mnras},
     keywords = {galaxies: formation, galaxies: fundamental parameters, galaxies: haloes, galaxies: kinematics and dynamics, dark matter, Astrophysics - Astrophysics of Galaxies, Astrophysics - Cosmology and Nongalactic Astrophysics},
         year = 2017,
        month = feb,
       volume = {464},
       number = {4},
        pages = {4160-4175},
          doi = {10.1093/mnras/stw2571},
archivePrefix = {arXiv},
       eprint = {1607.01800},
 primaryClass = {astro-ph.GA},
       adsurl = {https://ui.adsabs.harvard.edu/abs/2017MNRAS.464.4160D},
      adsnote = {Provided by the SAO/NASA Astrophysics Data System}
}

@ARTICLE{Mangle,
       author = {{Hamilton}, A.~J.~S. and {Tegmark}, Max},
        title = "{A scheme to deal accurately and efficiently with complex angular masks in galaxy surveys}",
      journal = {\mnras},
     keywords = {methods: data analysis, large-scale structure of Universe, Astrophysics},
         year = 2004,
        month = mar,
       volume = {349},
       number = {1},
        pages = {115-128},
          doi = {10.1111/j.1365-2966.2004.07490.x},
archivePrefix = {arXiv},
       eprint = {astro-ph/0306324},
 primaryClass = {astro-ph},
       adsurl = {https://ui.adsabs.harvard.edu/abs/2004MNRAS.349..115H},
      adsnote = {Provided by the SAO/NASA Astrophysics Data System}
}


@ARTICLE{Nucleosynthesis,
       author = {{Esmailzadeh}, Rahim and {Starkman}, Glenn D. and {Dimopoulos}, Savas},
        title = "{Primordial Nucleosynthesis without a Computer}",
      journal = {\apj},
     keywords = {Abundance, Big Bang Cosmology, Nuclear Fusion, Analytic Functions, Baryons, Deuterium, Numerical Analysis, Astrophysics, ANALYTICAL METHODS, NUCLEOSYNTHESIS},
         year = 1991,
        month = sep,
       volume = {378},
        pages = {504},
          doi = {10.1086/170452},
       adsurl = {https://ui.adsabs.harvard.edu/abs/1991ApJ...378..504E},
      adsnote = {Provided by the SAO/NASA Astrophysics Data System}
}

@ARTICLE{Redmapper,
       author = {{To}, Chun-Hao and {Reddick}, Rachel M. and {Rozo}, Eduardo and {Rykoff}, Eli and {Wechsler}, Risa H.},
        title = "{RedMaPPer: Evolution and Mass Dependence of the Conditional Luminosity Functions of Red Galaxies in Galaxy Clusters}",
      journal = {\apj},
     keywords = {902, 1880, 594, 584, Astrophysics - Astrophysics of Galaxies, Astrophysics - Cosmology and Nongalactic Astrophysics},
         year = 2020,
        month = jul,
       volume = {897},
       number = {1},
          eid = {15},
        pages = {15},
          doi = {10.3847/1538-4357/ab9636},
archivePrefix = {arXiv},
       eprint = {1910.01656},
 primaryClass = {astro-ph.GA},
       adsurl = {https://ui.adsabs.harvard.edu/abs/2020ApJ...897...15T},
      adsnote = {Provided by the SAO/NASA Astrophysics Data System}
}

@ARTICLE{Munshi2021,
       author = {{Munshi}, Ferah and {Brooks}, Alyson and {Applebaum}, Elaad and {Christensen}, Charlotte and {Sligh}, Jordan P. and {Quinn}, T.},
        title = "{Quantifying scatter in galaxy formation at the lowest masses}",
      journal = {arXiv e-prints},
     keywords = {Astrophysics - Astrophysics of Galaxies},
         year = 2021,
        month = jan,
          eid = {arXiv:2101.05822},
        pages = {arXiv:2101.05822},
archivePrefix = {arXiv},
       eprint = {2101.05822},
 primaryClass = {astro-ph.GA},
       adsurl = {https://ui.adsabs.harvard.edu/abs/2021arXiv210105822M},
      adsnote = {Provided by the SAO/NASA Astrophysics Data System}
}

@ARTICLE{Diemer2015,
       author = {{Diemer}, Benedikt and {Kravtsov}, Andrey V.},
        title = "{A Universal Model for Halo Concentrations}",
      journal = {\apj},
     keywords = {cosmology: theory, dark matter, methods: numerical, Astrophysics - Cosmology and Nongalactic Astrophysics},
         year = 2015,
        month = jan,
       volume = {799},
       number = {1},
          eid = {108},
        pages = {108},
          doi = {10.1088/0004-637X/799/1/108},
archivePrefix = {arXiv},
       eprint = {1407.4730},
 primaryClass = {astro-ph.CO},
       adsurl = {https://ui.adsabs.harvard.edu/abs/2015ApJ...799..108D},
      adsnote = {Provided by the SAO/NASA Astrophysics Data System}
}

@ARTICLE{Contreras2020,
       author = {{Contreras}, Sergio and {Angulo}, Raul and {Zennaro}, Matteo},
        title = "{A flexible subhalo abundance matching model for galaxy clustering in redshift space}",
      journal = {arXiv e-prints},
     keywords = {Astrophysics - Cosmology and Nongalactic Astrophysics, Astrophysics - Astrophysics of Galaxies},
         year = 2020,
        month = dec,
          eid = {arXiv:2012.06596},
        pages = {arXiv:2012.06596},
archivePrefix = {arXiv},
       eprint = {2012.06596},
 primaryClass = {astro-ph.CO},
       adsurl = {https://ui.adsabs.harvard.edu/abs/2020arXiv201206596C},
      adsnote = {Provided by the SAO/NASA Astrophysics Data System}
}

@ARTICLE{DES_1,
       author = {{DES Collaboration} and {Abbott}, T.~M.~C. and {Aguena}, M. and {Alarcon}, A. and {Allam}, S. and {Alves}, O. and {Amon}, A. and {Andrade-Oliveira}, F. and {Annis}, J. and {Avila}, S. and {Bacon}, D. and {Baxter}, E. and {Bechtol}, K. and {Becker}, M.~R. and {Bernstein}, G.~M. and {Bhargava}, S. and {Birrer}, S. and {Blazek}, J. and {Brandao-Souza}, A. and {Bridle}, S.~L. and {Brooks}, D. and {Buckley-Geer}, E. and {Burke}, D.~L. and {Camacho}, H. and {Campos}, A. and {Carnero Rosell}, A. and {Carrasco Kind}, M. and {Carretero}, J. and {Castander}, F.~J. and {Cawthon}, R. and {Chang}, C. and {Chen}, A. and {Chen}, R. and {Choi}, A. and {Conselice}, C. and {Cordero}, J. and {Costanzi}, M. and {Crocce}, M. and {da Costa}, L.~N. and {da Silva Pereira}, M.~E. and {Davis}, C. and {Davis}, T.~M. and {De Vicente}, J. and {DeRose}, J. and {Desai}, S. and {Di Valentino}, E. and {Diehl}, H.~T. and {Dietrich}, J.~P. and {Dodelson}, S. and {Doel}, P. and {Doux}, C. and {Drlica-Wagner}, A. and {Eckert}, K. and {Eifler}, T.~F. and {Elsner}, F. and {Elvin-Poole}, J. and {Everett}, S. and {Evrard}, A.~E. and {Fang}, X. and {Farahi}, A. and {Fernandez}, E. and {Ferrero}, I. and {Fert{\'e}}, A. and {Fosalba}, P. and {Friedrich}, O. and {Frieman}, J. and {Garc{\'\i}a-Bellido}, J. and {Gatti}, M. and {Gaztanaga}, E. and {Gerdes}, D.~W. and {Giannantonio}, T. and {Giannini}, G. and {Gruen}, D. and {Gruendl}, R.~A. and {Gschwend}, J. and {Gutierrez}, G. and {Harrison}, I. and {Hartley}, W.~G. and {Herner}, K. and {Hinton}, S.~R. and {Hollowood}, D.~L. and {Honscheid}, K. and {Hoyle}, B. and {Huff}, E.~M. and {Huterer}, D. and {Jain}, B. and {James}, D.~J. and {Jarvis}, M. and {Jeffrey}, N. and {Jeltema}, T. and {Kovacs}, A. and {Krause}, E. and {Kron}, R. and {Kuehn}, K. and {Kuropatkin}, N. and {Lahav}, O. and {Leget}, P. -F. and {Lemos}, P. and {Liddle}, A.~R. and {Lidman}, C. and {Lima}, M. and {Lin}, H. and {MacCrann}, N. and {Maia}, M.~A.~G. and {Marshall}, J.~L. and {Martini}, P. and {McCullough}, J. and {Melchior}, P. and {Mena-Fern{\'a}ndez}, J. and {Menanteau}, F. and {Miquel}, R. and {Mohr}, J.~J. and {Morgan}, R. and {Muir}, J. and {Myles}, J. and {Nadathur}, S. and {Navarro-Alsina}, A. and {Nichol}, R.~C. and {Ogando}, R.~L.~C. and {Omori}, Y. and {Palmese}, A. and {Pandey}, S. and {Park}, Y. and {Paz-Chinch{\'o}n}, F. and {Petravick}, D. and {Pieres}, A. and {Plazas Malag{\'o}n}, A.~A. and {Porredon}, A. and {Prat}, J. and {Raveri}, M. and {Rodriguez-Monroy}, M. and {Rollins}, R.~P. and {Romer}, A.~K. and {Roodman}, A. and {Rosenfeld}, R. and {Ross}, A.~J. and {Rykoff}, E.~S. and {Samuroff}, S. and {S{\'a}nchez}, C. and {Sanchez}, E. and {Sanchez}, J. and {Sanchez Cid}, D. and {Scarpine}, V. and {Schubnell}, M. and {Scolnic}, D. and {Secco}, L.~F. and {Serrano}, S. and {Sevilla-Noarbe}, I. and {Sheldon}, E. and {Shin}, T. and {Smith}, M. and {Soares-Santos}, M. and {Suchyta}, E. and {Swanson}, M.~E.~C. and {Tabbutt}, M. and {Tarle}, G. and {Thomas}, D. and {To}, C. and {Troja}, A. and {Troxel}, M.~A. and {Tucker}, D.~L. and {Tutusaus}, I. and {Varga}, T.~N. and {Walker}, A.~R. and {Weaverdyck}, N. and {Weller}, J. and {Yanny}, B. and {Yin}, B. and {Zhang}, Y. and {Zuntz}, J.},
        title = "{Dark Energy Survey Year 3 Results: Cosmological Constraints from Galaxy Clustering and Weak Lensing}",
      journal = {arXiv e-prints},
     keywords = {Astrophysics - Cosmology and Nongalactic Astrophysics},
         year = 2021,
        month = may,
          eid = {arXiv:2105.13549},
        pages = {arXiv:2105.13549},
archivePrefix = {arXiv},
       eprint = {2105.13549},
 primaryClass = {astro-ph.CO},
       adsurl = {https://ui.adsabs.harvard.edu/abs/2021arXiv210513549D},
      adsnote = {Provided by the SAO/NASA Astrophysics Data System}
}



@ARTICLE{DES_2,
       author = {{Pandey}, S. and {Krause}, E. and {DeRose}, J. and {MacCrann}, N. and {Jain}, B. and {Crocce}, M. and {Blazek}, J. and {Choi}, A. and {Huang}, H. and {To}, C. and {Fang}, X. and {Elvin-Poole}, J. and {Prat}, J. and {Porredon}, A. and {Secco}, L.~F. and {Rodriguez-Monroy}, M. and {Weaverdyck}, N. and {Park}, Y. and {Raveri}, M. and {Rozo}, E. and {Rykoff}, E.~S. and {Bernstein}, G.~M. and {S{\'a}nchez}, C. and {Jarvis}, M. and {Troxel}, M.~A. and {Zacharegkas}, G. and {Chang}, C. and {Alarcon}, A. and {Alves}, O. and {Amon}, A. and {Andrade-Oliveira}, F. and {Baxter}, E. and {Bechtol}, K. and {Becker}, M.~R. and {Camacho}, H. and {Campos}, A. and {Carnero Rosell}, A. and {Carrasco Kind}, M. and {Cawthon}, R. and {Chen}, R. and {Chintalapati}, P. and {Davis}, C. and {Di Valentino}, E. and {Diehl}, H.~T. and {Dodelson}, S. and {Doux}, C. and {Drlica-Wagner}, A. and {Eckert}, K. and {Eifler}, T.~F. and {Elsner}, F. and {Everett}, S. and {Farahi}, A. and {Fert{\'e}}, A. and {Fosalba}, P. and {Friedrich}, O. and {Gatti}, M. and {Giannini}, G. and {Gruen}, D. and {Gruendl}, R.~A. and {Harrison}, I. and {Hartley}, W.~G. and {Huff}, E.~M. and {Huterer}, D. and {Leget}, P. -F. and {McCullough}, J. and {Muir}, J. and {Myles}, J. and {Navarro-Alsina}, A. and {Omori}, Y. and {Rollins}, R.~P. and {Roodman}, A. and {Rosenfeld}, R. and {Sevilla-Noarbe}, I. and {Sheldon}, E. and {Shin}, T. and {Troja}, A. and {Tutusaus}, I. and {Varga}, T.~N. and {Wechsler}, R.~H. and {Yanny}, B. and {Yin}, B. and {Zhang}, Y. and {Zuntz}, J. and {Abbott}, T.~M.~C. and {Aguena}, M. and {Allam}, S. and {Annis}, J. and {Bacon}, D. and {Bertin}, E. and {Brooks}, D. and {Burke}, D.~L. and {Carretero}, J. and {Conselice}, C. and {Costanzi}, M. and {da Costa}, L.~N. and {Pereira}, M.~E.~S. and {De Vicente}, J. and {Dietrich}, J.~P. and {Doel}, P. and {Evrard}, A.~E. and {Ferrero}, I. and {Flaugher}, B. and {Frieman}, J. and {Garc{\'\i}a-Bellido}, J. and {Gaztanaga}, E. and {Gerdes}, D.~W. and {Giannantonio}, T. and {Gschwend}, J. and {Gutierrez}, G. and {Hinton}, S.~R. and {Hollowood}, D.~L. and {Honscheid}, K. and {James}, D.~J. and {Jeltema}, T. and {Kuehn}, K. and {Kuropatkin}, N. and {Lahav}, O. and {Lima}, M. and {Lin}, H. and {Maia}, M.~A.~G. and {Marshall}, J.~L. and {Melchior}, P. and {Menanteau}, F. and {Miller}, C.~J. and {Miquel}, R. and {Mohr}, J.~J. and {Morgan}, R. and {Palmese}, A. and {Paz-Chinch{\'o}n}, F. and {Petravick}, D. and {Pieres}, A. and {Plazas Malag{\'o}n}, A.~A. and {Sanchez}, E. and {Scarpine}, V. and {Serrano}, S. and {Smith}, M. and {Soares-Santos}, M. and {Suchyta}, E. and {Tarle}, G. and {Thomas}, D. and {Weller}, J.},
        title = "{Dark Energy Survey Year 3 Results: Constraints on cosmological parameters and galaxy bias models from galaxy clustering and galaxy-galaxy lensing using the redMaGiC sample}",
      journal = {arXiv e-prints},
     keywords = {Astrophysics - Cosmology and Nongalactic Astrophysics, Astrophysics - Astrophysics of Galaxies},
         year = 2021,
        month = may,
          eid = {arXiv:2105.13545},
        pages = {arXiv:2105.13545},
archivePrefix = {arXiv},
       eprint = {2105.13545},
 primaryClass = {astro-ph.CO},
       adsurl = {https://ui.adsabs.harvard.edu/abs/2021arXiv210513545P},
      adsnote = {Provided by the SAO/NASA Astrophysics Data System}
}

@book{10.5555/525960, author = {Bishop, Christopher M.}, title = {Neural Networks for Pattern Recognition}, year = {1995}, isbn = {0198538642}, publisher = {Oxford University Press, Inc.}, address = {USA}, abstract = {From the Publisher:This is the first comprehensive treatment of feed-forward neural networks from the perspective of statistical pattern recognition. After introducing the basic concepts, the book examines techniques for modelling probability density functions and the properties and merits of the multi-layer perceptron and radial basis function network models. Also covered are various forms of error functions, principal algorithms for error function minimalization, learning and generalization in neural networks, and Bayesian techniques and their applications. Designed as a text, with over 100 exercises, this fully up-to-date work will benefit anyone involved in the fields of neural computation and pattern recognition.} }


@ARTICLE{Calette,
       author = {{Calette}, A.~R. and {Rodr{\'\i}guez-Puebla}, Aldo and {Avila-Reese}, Vladimir and {del P Lagos}, Claudia},
        title = "{The galaxy H I-(sub)halo connection and the H I spatial clustering of local galaxies}",
      journal = {\mnras},
     keywords = {galaxies: formation, galaxies: evolution, galaxies: haloes, galaxies: luminosity function, mass function, galaxies: statistics, cosmology: dark matter, Astrophysics - Astrophysics of Galaxies},
         year = 2021,
        month = jun,
          doi = {10.1093/mnras/stab1788},
archivePrefix = {arXiv},
       eprint = {2106.01973},
 primaryClass = {astro-ph.GA},
       adsurl = {https://ui.adsabs.harvard.edu/abs/2021MNRAS.tmp.1561C},
      adsnote = {Provided by the SAO/NASA Astrophysics Data System}
}